[
  {
    "name": "Woolworths Prep Set Go Pumpkin Chunks",
    "url": "https://www.woolworths.com.au/shop/productdetails/54136",
    "img": "https://cdn0.woolworths.media/content/wowproductimages/medium/054136.jpg",
    "price": 4,
    "quantity": 0.5,
    "unitPrice": 8
  },
  {
    "name": "Mccain Corn Kernels",
    "url": "https://www.woolworths.com.au/shop/productdetails/90838",
    "img": "https://cdn0.woolworths.media/content/wowproductimages/medium/090838.jpg",
    "price": 4,
    "quantity": 0.5,
    "unitPrice": 8
  },
  {
    "name": "Mccain Mixed Vegetables Peas & Corn",
    "url": "https://www.woolworths.com.au/shop/productdetails/54232",
    "img": "https://cdn0.woolworths.media/content/wowproductimages/medium/054232.jpg",
    "price": 4,
    "quantity": 0.5,
    "unitPrice": 8
  },
  {
    "name": "Woolworths Prep Set Go Sweet Potato Chunks",
    "url": "https://www.woolworths.com.au/shop/productdetails/54137",
    "img": "https://cdn0.woolworths.media/content/wowproductimages/medium/054137.jpg",
    "price": 4,
    "quantity": 0.5,
    "unitPrice": 8
  },
  {
    "name": "Mccain Beans Baby",
    "url": "https://www.woolworths.com.au/shop/productdetails/22239",
    "img": "https://cdn0.woolworths.media/content/wowproductimages/medium/022239.jpg",
    "price": 4,
    "quantity": 0.5,
    "unitPrice": 8
  },
  {
    "name": "Woolworths Prep Set Go Frozen Stir Fry Mixed Vegetables",
    "url": "https://www.woolworths.com.au/shop/productdetails/61999",
    "img": "https://cdn0.woolworths.media/content/wowproductimages/medium/061999.jpg",
    "price": 4,
    "quantity": 0.5,
    "unitPrice": 8
  },
  {
    "name": "Birds Eye Snap Frozen Carrot Cauli, Beans & Broccoli",
    "url": "https://www.woolworths.com.au/shop/productdetails/682829",
    "img": "https://cdn0.woolworths.media/content/wowproductimages/medium/682829.jpg",
    "price": 4,
    "quantity": 0.5,
    "unitPrice": 8
  },
  {
    "name": "Birds Eye Snap Frozen Mixed Vegetables Peas, Corn & Capsicum",
    "url": "https://www.woolworths.com.au/shop/productdetails/370801",
    "img": "https://cdn0.woolworths.media/content/wowproductimages/medium/370801.jpg",
    "price": 4,
    "quantity": 0.5,
    "unitPrice": 8
  },
  {
    "name": "Mccain Sliced Beans Sliced",
    "url": "https://www.woolworths.com.au/shop/productdetails/42601",
    "img": "https://cdn0.woolworths.media/content/wowproductimages/medium/042601.jpg",
    "price": 4,
    "quantity": 0.5,
    "unitPrice": 8
  },
  {
    "name": "Sunny Queen Scrambled Egg Mix",
    "url": "https://www.woolworths.com.au/shop/productdetails/203365",
    "img": "https://cdn0.woolworths.media/content/wowproductimages/medium/203365.jpg",
    "price": 4,
    "quantity": 0.5,
    "unitPrice": 8
  },
  {
    "name": "Woolworths 12 X-large Free Range Eggs",
    "url": "https://www.woolworths.com.au/shop/productdetails/224763",
    "img": "https://cdn0.woolworths.media/content/wowproductimages/medium/224763.jpg",
    "price": 5.6,
    "quantity": 0.7,
    "unitPrice": 8
  },
  {
    "name": "Woolworths Peanut Oil",
    "url": "https://www.woolworths.com.au/shop/productdetails/73073",
    "img": "https://cdn0.woolworths.media/content/wowproductimages/medium/073073.jpg",
    "price": 6,
    "quantity": 0.75,
    "unitPrice": 8
  },
  {
    "name": "Harvest Rice Bran Oil",
    "url": "https://www.woolworths.com.au/shop/productdetails/741386",
    "img": "https://cdn0.woolworths.media/content/wowproductimages/medium/741386.jpg",
    "price": 8,
    "quantity": 1,
    "unitPrice": 8
  },
  {
    "name": "Woolworths Freshwater Basa Fillets Thawed",
    "url": "https://www.woolworths.com.au/shop/productdetails/87465",
    "img": "https://cdn0.woolworths.media/content/wowproductimages/medium/087465.jpg",
    "price": 8,
    "quantity": 1,
    "unitPrice": 8
  },
  {
    "name": "Thawed Freshwater Basa Fillets Bag And Bake Teriyaki Ginger",
    "url": "https://www.woolworths.com.au/shop/productdetails/859281",
    "img": "https://cdn0.woolworths.media/content/wowproductimages/medium/859281.jpg",
    "price": 8,
    "quantity": 1,
    "unitPrice": 8
  },
  {
    "name": "Woolworths Frozen Basa Fillets",
    "url": "https://www.woolworths.com.au/shop/productdetails/445352",
    "img": "https://cdn0.woolworths.media/content/wowproductimages/medium/445352.jpg",
    "price": 8,
    "quantity": 1,
    "unitPrice": 8
  },
  {
    "name": "Chef's Choice Organic Split Red Lentils",
    "url": "https://www.woolworths.com.au/shop/productdetails/134164",
    "img": "https://cdn0.woolworths.media/content/wowproductimages/medium/134164.jpg",
    "price": 4,
    "quantity": 0.5,
    "unitPrice": 8
  },
  {
    "name": "Chef's Choice Organic Pearl Barley",
    "url": "https://www.woolworths.com.au/shop/productdetails/812123",
    "img": "https://cdn0.woolworths.media/content/wowproductimages/medium/812123.jpg",
    "price": 4,
    "quantity": 0.5,
    "unitPrice": 8
  },
  {
    "name": "Chefs Choice Organic Split Green Peas",
    "url": "https://www.woolworths.com.au/shop/productdetails/215503",
    "img": "https://cdn0.woolworths.media/content/wowproductimages/medium/215503.jpg",
    "price": 4,
    "quantity": 0.5,
    "unitPrice": 8
  },
  {
    "name": "Tamar Valley Dairy Greek Style Yoghurt Vanilla Bean",
    "url": "https://www.woolworths.com.au/shop/productdetails/622945",
    "img": "https://cdn0.woolworths.media/content/wowproductimages/medium/622945.jpg",
    "price": 8,
    "quantity": 1,
    "unitPrice": 8
  },
  {
    "name": "Tamar Valley Dairy Greek Style Yoghurt Natural",
    "url": "https://www.woolworths.com.au/shop/productdetails/622935",
    "img": "https://cdn0.woolworths.media/content/wowproductimages/medium/622935.jpg",
    "price": 8,
    "quantity": 1,
    "unitPrice": 8
  },
  {
    "name": "Gippsland Dairy Smooth & Creamy Yogurt",
    "url": "https://www.woolworths.com.au/shop/productdetails/243185",
    "img": "https://cdn0.woolworths.media/content/wowproductimages/medium/243185.jpg",
    "price": 16,
    "quantity": 2,
    "unitPrice": 8
  },
  {
    "name": "San Remo Lasagne Pasta Instant Large Fam Pack",
    "url": "https://www.woolworths.com.au/shop/productdetails/212064",
    "img": "https://cdn0.woolworths.media/content/wowproductimages/medium/212064.jpg",
    "price": 3,
    "quantity": 0.375,
    "unitPrice": 8
  },
  {
    "name": "Woolworths Lasagne Sheets",
    "url": "https://www.woolworths.com.au/shop/productdetails/700276",
    "img": "https://cdn0.woolworths.media/content/wowproductimages/medium/700276.jpg",
    "price": 2,
    "quantity": 0.25,
    "unitPrice": 8
  },
  {
    "name": "La Molisana Extra Di Lusso 28 Fusilli",
    "url": "https://www.woolworths.com.au/shop/productdetails/123906",
    "img": "https://cdn0.woolworths.media/content/wowproductimages/medium/123906.jpg",
    "price": 4,
    "quantity": 0.5,
    "unitPrice": 8
  },
  {
    "name": "La Molisana Pastifico Extra Di Lusso Spaghetti",
    "url": "https://www.woolworths.com.au/shop/productdetails/74613",
    "img": "https://cdn0.woolworths.media/content/wowproductimages/medium/074613.jpg",
    "price": 4,
    "quantity": 0.5,
    "unitPrice": 8
  },
  {
    "name": "La Molisana Pastificio Extra Di Lusso Rigatoni Divini",
    "url": "https://www.woolworths.com.au/shop/productdetails/74791",
    "img": "https://cdn0.woolworths.media/content/wowproductimages/medium/074791.jpg",
    "price": 4,
    "quantity": 0.5,
    "unitPrice": 8
  },
  {
    "name": "Buontempo Gluten Free Pasta Spirals",
    "url": "https://www.woolworths.com.au/shop/productdetails/188832",
    "img": "https://cdn0.woolworths.media/content/wowproductimages/medium/188832.jpg",
    "price": 4.8,
    "quantity": 0.6,
    "unitPrice": 8
  },
  {
    "name": "La Molisana Pastificio Extra Di Lusso Penne Rigate",
    "url": "https://www.woolworths.com.au/shop/productdetails/74787",
    "img": "https://cdn0.woolworths.media/content/wowproductimages/medium/074787.jpg",
    "price": 4,
    "quantity": 0.5,
    "unitPrice": 8
  },
  {
    "name": "La Molisana Pastifico Extra Di Lusso Linguine",
    "url": "https://www.woolworths.com.au/shop/productdetails/74614",
    "img": "https://cdn0.woolworths.media/content/wowproductimages/medium/074614.jpg",
    "price": 4,
    "quantity": 0.5,
    "unitPrice": 8
  },
  {
    "name": "La Molisana Pastifico Extra Di Lusso Farfalle Rigate",
    "url": "https://www.woolworths.com.au/shop/productdetails/74920",
    "img": "https://cdn0.woolworths.media/content/wowproductimages/medium/074920.jpg",
    "price": 4,
    "quantity": 0.5,
    "unitPrice": 8
  },
  {
    "name": "La Molisana Pastificio Extra Di Lusso Fettuccine",
    "url": "https://www.woolworths.com.au/shop/productdetails/74782",
    "img": "https://cdn0.woolworths.media/content/wowproductimages/medium/074782.jpg",
    "price": 4,
    "quantity": 0.5,
    "unitPrice": 8
  },
  {
    "name": "Woolworths Cook Chicken Roasting Portions With Mild Smoked Paprika",
    "url": "https://www.woolworths.com.au/shop/productdetails/210535",
    "img": "https://cdn0.woolworths.media/content/wowproductimages/medium/210535.jpg",
    "price": 9.6,
    "quantity": 1.2,
    "unitPrice": 8
  },
  {
    "name": "Krummies Breadcrumbs",
    "url": "https://www.woolworths.com.au/shop/productdetails/36440",
    "img": "https://cdn0.woolworths.media/content/wowproductimages/medium/036440.jpg",
    "price": 3,
    "quantity": 0.375,
    "unitPrice": 8
  },
  {
    "name": "Sunsol Muesli Almond Cashew Macadamia Walnut",
    "url": "https://www.woolworths.com.au/shop/productdetails/792784",
    "img": "https://cdn0.woolworths.media/content/wowproductimages/medium/792784.jpg",
    "price": 4,
    "quantity": 0.5,
    "unitPrice": 8
  },
  {
    "name": "Sunsol Muesli Blueberry Chia Goji Coconut",
    "url": "https://www.woolworths.com.au/shop/productdetails/793350",
    "img": "https://cdn0.woolworths.media/content/wowproductimages/medium/793350.jpg",
    "price": 4,
    "quantity": 0.5,
    "unitPrice": 8
  },
  {
    "name": "Carman's Protein Rich Australian Oats",
    "url": "https://www.woolworths.com.au/shop/productdetails/208312",
    "img": "https://cdn0.woolworths.media/content/wowproductimages/medium/208312.jpg",
    "price": 4,
    "quantity": 0.5,
    "unitPrice": 8
  },
  {
    "name": "Woolworths Smooth Peanut Butter",
    "url": "https://www.woolworths.com.au/shop/productdetails/233922",
    "img": "https://cdn0.woolworths.media/content/wowproductimages/medium/233922.jpg",
    "price": 4,
    "quantity": 0.5,
    "unitPrice": 8
  },
  {
    "name": "Sanitarium Smooth Peanut Butter",
    "url": "https://www.woolworths.com.au/shop/productdetails/215949",
    "img": "https://cdn0.woolworths.media/content/wowproductimages/medium/215949.jpg",
    "price": 4,
    "quantity": 0.5,
    "unitPrice": 8
  },
  {
    "name": "Woolworths Crunchy Peanut Butter",
    "url": "https://www.woolworths.com.au/shop/productdetails/233925",
    "img": "https://cdn0.woolworths.media/content/wowproductimages/medium/233925.jpg",
    "price": 4,
    "quantity": 0.5,
    "unitPrice": 8
  },
  {
    "name": "Woolworths Free From Gluten Cereal Cornflakes",
    "url": "https://www.woolworths.com.au/shop/productdetails/770052",
    "img": "https://cdn0.woolworths.media/content/wowproductimages/medium/770052.jpg",
    "price": 3,
    "quantity": 0.375,
    "unitPrice": 8
  },
  {
    "name": "Sanitarium Crunchy Peanut Butter",
    "url": "https://www.woolworths.com.au/shop/productdetails/215948",
    "img": "https://cdn0.woolworths.media/content/wowproductimages/medium/215948.jpg",
    "price": 4,
    "quantity": 0.5,
    "unitPrice": 8
  },
  {
    "name": "Sanitarium Smooth No Added Sugar Or Salt Peanut Butter",
    "url": "https://www.woolworths.com.au/shop/productdetails/215945",
    "img": "https://cdn0.woolworths.media/content/wowproductimages/medium/215945.jpg",
    "price": 4,
    "quantity": 0.5,
    "unitPrice": 8
  },
  {
    "name": "Jordans Simply Granola Crunchy Oat & Honey",
    "url": "https://www.woolworths.com.au/shop/productdetails/147307",
    "img": "https://cdn0.woolworths.media/content/wowproductimages/medium/147307.jpg",
    "price": 12,
    "quantity": 1.5,
    "unitPrice": 8
  },
  {
    "name": "Sanitarium Crunchy No Added Sugar Or Salt Peanut Butter",
    "url": "https://www.woolworths.com.au/shop/productdetails/215943",
    "img": "https://cdn0.woolworths.media/content/wowproductimages/medium/215943.jpg",
    "price": 4,
    "quantity": 0.5,
    "unitPrice": 8
  },
  {
    "name": "Leggo's Organic Tomato & Basil Pasta Sauce",
    "url": "https://www.woolworths.com.au/shop/productdetails/148877",
    "img": "https://cdn0.woolworths.media/content/wowproductimages/medium/148877.jpg",
    "price": 4,
    "quantity": 0.5,
    "unitPrice": 8
  },
  {
    "name": "Leggo's Organic Tomato & Garlic Pasta",
    "url": "https://www.woolworths.com.au/shop/productdetails/148876",
    "img": "https://cdn0.woolworths.media/content/wowproductimages/medium/148876.jpg",
    "price": 4,
    "quantity": 0.5,
    "unitPrice": 8
  },
  {
    "name": "Woolworths Worcestershire Sauce",
    "url": "https://www.woolworths.com.au/shop/productdetails/230475",
    "img": "https://cdn0.woolworths.media/content/wowproductimages/medium/230475.jpg",
    "price": 2,
    "quantity": 0.25,
    "unitPrice": 8
  },
  {
    "name": "Leggo's Tuna Bake",
    "url": "https://www.woolworths.com.au/shop/productdetails/452031",
    "img": "https://cdn0.woolworths.media/content/wowproductimages/medium/452031.jpg",
    "price": 4,
    "quantity": 0.5,
    "unitPrice": 8
  },
  {
    "name": "Masterfoods Reduced Salt & Sugar Tomato Sauce",
    "url": "https://www.woolworths.com.au/shop/productdetails/608712",
    "img": "https://cdn0.woolworths.media/content/wowproductimages/medium/608712.jpg",
    "price": 3.8,
    "quantity": 0.475,
    "unitPrice": 8
  },
  {
    "name": "Leggo's Pasta Bake Creamy Tomato & Mozzarella",
    "url": "https://www.woolworths.com.au/shop/productdetails/452050",
    "img": "https://cdn0.woolworths.media/content/wowproductimages/medium/452050.jpg",
    "price": 4,
    "quantity": 0.5,
    "unitPrice": 8
  },
  {
    "name": "Leggo's Pasta Bake Creamy Sundried Tomato & Garlic",
    "url": "https://www.woolworths.com.au/shop/productdetails/452061",
    "img": "https://cdn0.woolworths.media/content/wowproductimages/medium/452061.jpg",
    "price": 4,
    "quantity": 0.5,
    "unitPrice": 8
  },
  {
    "name": "Leggo's Pasta Bake With Creamy Three Cheese Sauce",
    "url": "https://www.woolworths.com.au/shop/productdetails/680702",
    "img": "https://cdn0.woolworths.media/content/wowproductimages/medium/680702.jpg",
    "price": 4,
    "quantity": 0.5,
    "unitPrice": 8
  },
  {
    "name": "Masterfoods Barbecue Sauce Reduced Salt & Sugar",
    "url": "https://www.woolworths.com.au/shop/productdetails/608711",
    "img": "https://cdn0.woolworths.media/content/wowproductimages/medium/608711.jpg",
    "price": 3.8,
    "quantity": 0.475,
    "unitPrice": 8
  },
  {
    "name": "Ozesauce Tomato Sauce",
    "url": "https://www.woolworths.com.au/shop/productdetails/742407",
    "img": "https://cdn0.woolworths.media/content/wowproductimages/medium/742407.jpg",
    "price": 4,
    "quantity": 0.5,
    "unitPrice": 8
  },
  {
    "name": "Leggo's Pasta Bake Tomato Ricotta & Spinach",
    "url": "https://www.woolworths.com.au/shop/productdetails/451728",
    "img": "https://cdn0.woolworths.media/content/wowproductimages/medium/451728.jpg",
    "price": 4,
    "quantity": 0.5,
    "unitPrice": 8
  },
  {
    "name": "Lee Kum Kee Gold Label Soy Sauce",
    "url": "https://www.woolworths.com.au/shop/productdetails/346578",
    "img": "https://cdn0.woolworths.media/content/wowproductimages/medium/346578.jpg",
    "price": 4,
    "quantity": 0.5,
    "unitPrice": 8
  },
  {
    "name": "Green's Traditional Anzac Biscuits",
    "url": "https://www.woolworths.com.au/shop/productdetails/279900",
    "img": "https://cdn0.woolworths.media/content/wowproductimages/medium/279900.jpg",
    "price": 2.8,
    "quantity": 0.35,
    "unitPrice": 8
  },
  {
    "name": "Dr. Oetker Ready To Roll Icing White",
    "url": "https://www.woolworths.com.au/shop/productdetails/450136",
    "img": "https://cdn0.woolworths.media/content/wowproductimages/medium/450136.jpg",
    "price": 8,
    "quantity": 1,
    "unitPrice": 8
  },
  {
    "name": "Woolworths Sultanas",
    "url": "https://www.woolworths.com.au/shop/productdetails/726367",
    "img": "https://cdn0.woolworths.media/content/wowproductimages/medium/726367.jpg",
    "price": 3,
    "quantity": 0.375,
    "unitPrice": 8
  },
  {
    "name": "Woolworths Sunflower Seeds",
    "url": "https://www.woolworths.com.au/shop/productdetails/501763",
    "img": "https://cdn0.woolworths.media/content/wowproductimages/medium/501763.jpg",
    "price": 1.6,
    "quantity": 0.2,
    "unitPrice": 8
  },
  {
    "name": "Protein Loaf",
    "url": "https://www.coles.com.au/product/helga's-protein-loaf-680g-7044048",
    "img": "https://productimages.coles.com.au/productimages/7/7044048.jpg",
    "price": 5.5,
    "quantity": 0.68,
    "unitPrice": 8.1
  },
  {
    "name": "Special Rye Bread",
    "url": "https://www.coles.com.au/product/atlantic-special-rye-bread-900g-332011",
    "img": "https://productimages.coles.com.au/productimages/3/332011.jpg",
    "price": 7.3,
    "quantity": 0.9,
    "unitPrice": 8.1
  },
  {
    "name": "Light Fruit Cake",
    "url": "https://www.coles.com.au/product/coles-bakery-light-fruit-cake-800g-7864722",
    "img": "https://productimages.coles.com.au/productimages/7/7864722.jpg",
    "price": 6.5,
    "quantity": 0.8,
    "unitPrice": 8.1
  },
  {
    "name": "Dark Fruit Cake",
    "url": "https://www.coles.com.au/product/coles-bakery-dark-fruit-cake-800g-7864744",
    "img": "https://productimages.coles.com.au/productimages/7/7864744.jpg",
    "price": 6.5,
    "quantity": 0.8,
    "unitPrice": 8.1
  },
  {
    "name": "Chocolate Mud Cake Mix",
    "url": "https://www.coles.com.au/product/green's-chocolate-mud-cake-mix-530g-8622503",
    "img": "https://productimages.coles.com.au/productimages/8/8622503.jpg",
    "price": 4.3,
    "quantity": 0.53,
    "unitPrice": 8.1
  },
  {
    "name": "Woolworths 18 Large Cage Free Eggs",
    "url": "https://www.woolworths.com.au/shop/productdetails/74593",
    "img": "https://cdn0.woolworths.media/content/wowproductimages/medium/074593.jpg",
    "price": 7.3,
    "quantity": 0.9,
    "unitPrice": 8.1
  },
  {
    "name": "Green's Cake Mix Chocolate Mud",
    "url": "https://www.woolworths.com.au/shop/productdetails/335575",
    "img": "https://cdn0.woolworths.media/content/wowproductimages/medium/335575.jpg",
    "price": 4.3,
    "quantity": 0.53,
    "unitPrice": 8.1
  },
  {
    "name": "Giant Marrowfat Peas",
    "url": "https://www.coles.com.au/product/farrow's-giant-marrowfat-peas-300g-5568401",
    "img": "https://productimages.coles.com.au/productimages/5/5568401.jpg",
    "price": 2.45,
    "quantity": 0.3,
    "unitPrice": 8.17
  },
  {
    "name": "Giant Marrowfat Peas",
    "url": "https://www.coles.com.au/product/farrow's-giant-marrowfat-peas-300g-5568401",
    "img": "https://productimages.coles.com.au/productimages/5/5568401.jpg",
    "price": 2.45,
    "quantity": 0.3,
    "unitPrice": 8.17
  },
  {
    "name": "Fizzy Soft Drink Can",
    "url": "https://www.coles.com.au/product/vimto-fizzy-soft-drink-can-330ml-2404747",
    "img": "https://productimages.coles.com.au/productimages/2/2404747.jpg",
    "price": 2.7,
    "quantity": 0.33,
    "unitPrice": 8.18
  },
  {
    "name": "Sparkling Soft Drink Can",
    "url": "https://www.coles.com.au/product/irn-bru-sparkling-soft-drink-can-330ml-8702635",
    "img": "https://productimages.coles.com.au/productimages/8/8702635.jpg",
    "price": 2.7,
    "quantity": 0.33,
    "unitPrice": 8.18
  },
  {
    "name": "Fizzy Soft Drink Can",
    "url": "https://www.coles.com.au/product/vimto-fizzy-soft-drink-can-330ml-2404747",
    "img": "https://productimages.coles.com.au/productimages/2/2404747.jpg",
    "price": 2.7,
    "quantity": 0.33,
    "unitPrice": 8.18
  },
  {
    "name": "Sparkling Soft Drink Can",
    "url": "https://www.coles.com.au/product/irn-bru-sparkling-soft-drink-can-330ml-8702635",
    "img": "https://productimages.coles.com.au/productimages/8/8702635.jpg",
    "price": 2.7,
    "quantity": 0.33,
    "unitPrice": 8.18
  },
  {
    "name": "Cage Free Eggs 12 Pack",
    "url": "https://www.coles.com.au/product/good-yolk-co-cage-free-eggs-12-pack-700g-6339498",
    "img": "https://productimages.coles.com.au/productimages/6/6339498.jpg",
    "price": 5.75,
    "quantity": 0.7,
    "unitPrice": 8.2
  },
  {
    "name": "Cage Free Eggs 12 Pack",
    "url": "https://www.coles.com.au/product/good-yolk-co-cage-free-eggs-12-pack-700g-6339498",
    "img": "https://productimages.coles.com.au/productimages/6/6339498.jpg",
    "price": 5.75,
    "quantity": 0.7,
    "unitPrice": 8.2
  },
  {
    "name": "Pineapple & Grapefruit",
    "url": "https://www.coles.com.au/product/lilt-pineapple-&-grapefruit-330ml-5703529",
    "img": "https://productimages.coles.com.au/productimages/5/5703529.jpg",
    "price": 2.7,
    "quantity": 0.33,
    "unitPrice": 8.2
  },
  {
    "name": "Asia Rice Wine Vinegar",
    "url": "https://www.coles.com.au/product/coles-asia-rice-wine-vinegar-340ml-5016267",
    "img": "https://productimages.coles.com.au/productimages/5/5016267.jpg",
    "price": 2.8,
    "quantity": 0.34,
    "unitPrice": 8.2
  },
  {
    "name": "Pineapple & Grapefruit",
    "url": "https://www.coles.com.au/product/lilt-pineapple-&-grapefruit-330ml-5703529",
    "img": "https://productimages.coles.com.au/productimages/5/5703529.jpg",
    "price": 2.7,
    "quantity": 0.33,
    "unitPrice": 8.2
  },
  {
    "name": "Asia Rice Wine Vinegar",
    "url": "https://www.coles.com.au/product/coles-asia-rice-wine-vinegar-340ml-5016267",
    "img": "https://productimages.coles.com.au/productimages/5/5016267.jpg",
    "price": 2.8,
    "quantity": 0.34,
    "unitPrice": 8.2
  },
  {
    "name": "Heinz Classic Hearty Vegetable Soup Canned Ready Meals",
    "url": "https://www.woolworths.com.au/shop/productdetails/750512",
    "img": "https://cdn0.woolworths.media/content/wowproductimages/medium/750512.jpg",
    "price": 4.4,
    "quantity": 0.535,
    "unitPrice": 8.2
  },
  {
    "name": "Heinz Classic Creamy Pumpkin Soup Canned Vegetable Soup",
    "url": "https://www.woolworths.com.au/shop/productdetails/19145",
    "img": "https://cdn0.woolworths.media/content/wowproductimages/medium/019145.jpg",
    "price": 4.4,
    "quantity": 0.535,
    "unitPrice": 8.2
  },
  {
    "name": "Heinz Big N Chunky Beef & Vegetable Soup Veggie Ready Meals",
    "url": "https://www.woolworths.com.au/shop/productdetails/167626",
    "img": "https://cdn0.woolworths.media/content/wowproductimages/medium/167626.jpg",
    "price": 4.4,
    "quantity": 0.535,
    "unitPrice": 8.2
  },
  {
    "name": "Heinz Classic Creamy Tomato Soup Canned Vegetable Soup",
    "url": "https://www.woolworths.com.au/shop/productdetails/828496",
    "img": "https://cdn0.woolworths.media/content/wowproductimages/medium/828496.jpg",
    "price": 4.4,
    "quantity": 0.535,
    "unitPrice": 8.2
  },
  {
    "name": "Heinz Classic Winter Vegetable Soup Winter Vegetable",
    "url": "https://www.woolworths.com.au/shop/productdetails/224221",
    "img": "https://cdn0.woolworths.media/content/wowproductimages/medium/224221.jpg",
    "price": 4.4,
    "quantity": 0.535,
    "unitPrice": 8.2
  },
  {
    "name": "Heinz Classic Italian Minestrone Soup",
    "url": "https://www.woolworths.com.au/shop/productdetails/113792",
    "img": "https://cdn0.woolworths.media/content/wowproductimages/medium/113792.jpg",
    "price": 4.4,
    "quantity": 0.535,
    "unitPrice": 8.2
  },
  {
    "name": "Heinz Classic Country Chicken Soup Canned Soup Ready Meals",
    "url": "https://www.woolworths.com.au/shop/productdetails/20749",
    "img": "https://cdn0.woolworths.media/content/wowproductimages/medium/020749.jpg",
    "price": 4.4,
    "quantity": 0.535,
    "unitPrice": 8.2
  },
  {
    "name": "Heinz Big N Chunky Ravioli With Beef & Tomato Canned Meal",
    "url": "https://www.woolworths.com.au/shop/productdetails/298168",
    "img": "https://cdn0.woolworths.media/content/wowproductimages/medium/298168.jpg",
    "price": 4.4,
    "quantity": 0.535,
    "unitPrice": 8.2
  },
  {
    "name": "Heinz Classic Chicken & Sweetcorn Soup",
    "url": "https://www.woolworths.com.au/shop/productdetails/204839",
    "img": "https://cdn0.woolworths.media/content/wowproductimages/medium/204839.jpg",
    "price": 4.4,
    "quantity": 0.535,
    "unitPrice": 8.2
  },
  {
    "name": "Heinz Big N Chunky Bacon, Steak, Potato Soup",
    "url": "https://www.woolworths.com.au/shop/productdetails/224190",
    "img": "https://cdn0.woolworths.media/content/wowproductimages/medium/224190.jpg",
    "price": 4.4,
    "quantity": 0.535,
    "unitPrice": 8.2
  },
  {
    "name": "Heinz Big N Chunky Beef Stockpot Soup",
    "url": "https://www.woolworths.com.au/shop/productdetails/224203",
    "img": "https://cdn0.woolworths.media/content/wowproductimages/medium/224203.jpg",
    "price": 4.4,
    "quantity": 0.535,
    "unitPrice": 8.2
  },
  {
    "name": "Heinz Big N Chunky Peppered Steak Soup Tinned Ready Meals",
    "url": "https://www.woolworths.com.au/shop/productdetails/224195",
    "img": "https://cdn0.woolworths.media/content/wowproductimages/medium/224195.jpg",
    "price": 4.4,
    "quantity": 0.535,
    "unitPrice": 8.2
  },
  {
    "name": "Heinz Classic Potato & Leek Soup Canned Vegetable Soup",
    "url": "https://www.woolworths.com.au/shop/productdetails/856165",
    "img": "https://cdn0.woolworths.media/content/wowproductimages/medium/856165.jpg",
    "price": 4.4,
    "quantity": 0.535,
    "unitPrice": 8.2
  },
  {
    "name": "Heinz Classic Pea & Ham Soup Canned Soup Ready Meals",
    "url": "https://www.woolworths.com.au/shop/productdetails/167602",
    "img": "https://cdn0.woolworths.media/content/wowproductimages/medium/167602.jpg",
    "price": 4.4,
    "quantity": 0.535,
    "unitPrice": 8.2
  },
  {
    "name": "Heinz Big N Chunky Chicken & Corn Soup Tinned Ready Meals",
    "url": "https://www.woolworths.com.au/shop/productdetails/167628",
    "img": "https://cdn0.woolworths.media/content/wowproductimages/medium/167628.jpg",
    "price": 4.4,
    "quantity": 0.535,
    "unitPrice": 8.2
  },
  {
    "name": "Heinz Big N Chunky Butter Chicken Soup Ready Meals",
    "url": "https://www.woolworths.com.au/shop/productdetails/224183",
    "img": "https://cdn0.woolworths.media/content/wowproductimages/medium/224183.jpg",
    "price": 4.4,
    "quantity": 0.535,
    "unitPrice": 8.2
  },
  {
    "name": "Heinz Big N Chunky Steak & Mushroom Soup Ready Meals",
    "url": "https://www.woolworths.com.au/shop/productdetails/715078",
    "img": "https://cdn0.woolworths.media/content/wowproductimages/medium/715078.jpg",
    "price": 4.4,
    "quantity": 0.535,
    "unitPrice": 8.2
  },
  {
    "name": "Heinz Classic Sweet Potato & Pumpkin Soup Vegetarian Ready Meals",
    "url": "https://www.woolworths.com.au/shop/productdetails/750412",
    "img": "https://cdn0.woolworths.media/content/wowproductimages/medium/750412.jpg",
    "price": 4.4,
    "quantity": 0.535,
    "unitPrice": 8.2
  },
  {
    "name": "Mutti Passata Tomato Puree Organic",
    "url": "https://www.woolworths.com.au/shop/productdetails/81717",
    "img": "https://cdn0.woolworths.media/content/wowproductimages/medium/default.png",
    "price": 4.6,
    "quantity": 0.56,
    "unitPrice": 8.2
  },
  {
    "name": "Green's Cake Mix Traditional Sultana",
    "url": "https://www.woolworths.com.au/shop/productdetails/217506",
    "img": "https://cdn0.woolworths.media/content/wowproductimages/medium/217506.jpg",
    "price": 2.8,
    "quantity": 0.34,
    "unitPrice": 8.2
  },
  {
    "name": "Canned Prunes In Natural Juice",
    "url": "https://www.coles.com.au/product/spc-canned-prunes-in-natural-juice-425g-2360619",
    "img": "https://productimages.coles.com.au/productimages/2/2360619.jpg",
    "price": 3.5,
    "quantity": 0.425,
    "unitPrice": 8.24
  },
  {
    "name": "Tuna Springwater",
    "url": "https://www.coles.com.au/product/coles-tuna-springwater-425g-2902438",
    "img": "https://productimages.coles.com.au/productimages/2/2902438.jpg",
    "price": 3.5,
    "quantity": 0.425,
    "unitPrice": 8.24
  },
  {
    "name": "Tuna in Brine",
    "url": "https://www.coles.com.au/product/coles-tuna-in-brine-425g-4845787",
    "img": "https://productimages.coles.com.au/productimages/4/4845787.jpg",
    "price": 3.5,
    "quantity": 0.425,
    "unitPrice": 8.24
  },
  {
    "name": "Tuna In Vegetable Oil",
    "url": "https://www.coles.com.au/product/coles-tuna-in-vegetable-oil-425g-5905013",
    "img": "https://productimages.coles.com.au/productimages/5/5905013.jpg",
    "price": 3.5,
    "quantity": 0.425,
    "unitPrice": 8.24
  },
  {
    "name": "Spc Whole Prunes In Juice Canned Fruit",
    "url": "https://www.woolworths.com.au/shop/productdetails/847211",
    "img": "https://cdn0.woolworths.media/content/wowproductimages/medium/847211.jpg",
    "price": 3.5,
    "quantity": 0.425,
    "unitPrice": 8.24
  },
  {
    "name": "Essentials Tuna Chunks In Spring Water",
    "url": "https://www.woolworths.com.au/shop/productdetails/178886",
    "img": "https://cdn0.woolworths.media/content/wowproductimages/medium/178886.jpg",
    "price": 3.5,
    "quantity": 0.425,
    "unitPrice": 8.24
  },
  {
    "name": "Essentials Tuna In Oil In Oil",
    "url": "https://www.woolworths.com.au/shop/productdetails/30438",
    "img": "https://cdn0.woolworths.media/content/wowproductimages/medium/030438.jpg",
    "price": 3.5,
    "quantity": 0.425,
    "unitPrice": 8.24
  },
  {
    "name": "Essentials Tuna In Brine",
    "url": "https://www.woolworths.com.au/shop/productdetails/92591",
    "img": "https://cdn0.woolworths.media/content/wowproductimages/medium/092591.jpg",
    "price": 3.5,
    "quantity": 0.425,
    "unitPrice": 8.24
  },
  {
    "name": "Single Shot Espresso",
    "url": "https://www.coles.com.au/product/ice-break-single-shot-espresso-320ml-6258691",
    "img": "https://productimages.coles.com.au/productimages/6/6258691.jpg",
    "price": 2.65,
    "quantity": 0.32,
    "unitPrice": 8.28
  },
  {
    "name": "Double Shot Espresso",
    "url": "https://www.coles.com.au/product/ice-break-double-shot-espresso-320ml-6258953",
    "img": "https://productimages.coles.com.au/productimages/6/6258953.jpg",
    "price": 2.65,
    "quantity": 0.32,
    "unitPrice": 8.28
  },
  {
    "name": "Single Shot Espresso",
    "url": "https://www.coles.com.au/product/ice-break-single-shot-espresso-320ml-6258691",
    "img": "https://productimages.coles.com.au/productimages/6/6258691.jpg",
    "price": 2.65,
    "quantity": 0.32,
    "unitPrice": 8.28
  },
  {
    "name": "Double Shot Espresso",
    "url": "https://www.coles.com.au/product/ice-break-double-shot-espresso-320ml-6258953",
    "img": "https://productimages.coles.com.au/productimages/6/6258953.jpg",
    "price": 2.65,
    "quantity": 0.32,
    "unitPrice": 8.28
  },
  {
    "name": "Ice Break Double Espresso Coffee Flavoured Milk",
    "url": "https://www.woolworths.com.au/shop/productdetails/262109",
    "img": "https://cdn0.woolworths.media/content/wowproductimages/medium/262109.jpg",
    "price": 2.65,
    "quantity": 0.32,
    "unitPrice": 8.28
  },
  {
    "name": "Ice Break Single Espresso Milk",
    "url": "https://www.woolworths.com.au/shop/productdetails/262811",
    "img": "https://cdn0.woolworths.media/content/wowproductimages/medium/262811.jpg",
    "price": 2.65,
    "quantity": 0.32,
    "unitPrice": 8.28
  },
  {
    "name": "Good Sport Chocolate",
    "url": "https://www.coles.com.au/product/180-nutrition-good-sport-chocolate-350ml-5101683",
    "img": "https://productimages.coles.com.au/productimages/5/5101683.jpg",
    "price": 2.9,
    "quantity": 0.35,
    "unitPrice": 8.29
  },
  {
    "name": "Good Sport Chocolate",
    "url": "https://www.coles.com.au/product/180-nutrition-good-sport-chocolate-350ml-5101683",
    "img": "https://productimages.coles.com.au/productimages/5/5101683.jpg",
    "price": 2.9,
    "quantity": 0.35,
    "unitPrice": 8.29
  },
  {
    "name": "Lodge Farms Large Free Range Eggs",
    "url": "https://www.aldi.com.au/en/groceries/fresh-produce/dairy-eggs/dairy-eggs-detail/ps/p/lodge-farms-large-free-range-eggs-12pk600g/",
    "img": "https://www.aldi.com.au/fileadmin/_processed_/b/8/csm_1001829-2_Q1-WEB-AUDIT_DAIRY-EGGS_1x1_228x128_1_RET_7e823d24d7.png",
    "price": 4.99,
    "quantity": 0.6,
    "unitPrice": 8.3
  },
  {
    "name": "Food Envy Crème Caramel 2 x",
    "url": "https://www.aldi.com.au/en/groceries/fresh-produce/dairy-eggs/dairy-eggs-detail/ps/p/food-envy-creme-caramel-2-x-150g-1/",
    "img": "https://www.aldi.com.au/fileadmin/_processed_/f/1/csm_ALN3248_Q1_WEB-AUDIT__DAIRY_EGGS__1x1_228x128_6_07c958019c.jpg",
    "price": 2.49,
    "quantity": 0.3,
    "unitPrice": 8.3
  },
  {
    "name": "Probiotic Kefir Yoghurt Mango",
    "url": "https://www.coles.com.au/product/babushka's-probiotic-kefir-yoghurt-mango-750g-5641137",
    "img": "https://productimages.coles.com.au/productimages/5/5641137.jpg",
    "price": 6.2,
    "quantity": 0.75,
    "unitPrice": 8.3
  },
  {
    "name": "Probiotic Kefir Yoghurt Organic Natural",
    "url": "https://www.coles.com.au/product/babushka's-probiotic-kefir-yoghurt-organic-natural-750ml-5658209",
    "img": "https://productimages.coles.com.au/productimages/5/5658209.jpg",
    "price": 6.2,
    "quantity": 0.75,
    "unitPrice": 8.3
  },
  {
    "name": "Strawberry Coconut Yoghurt",
    "url": "https://www.coles.com.au/product/cocobella-strawberry-coconut-yoghurt-150g-3540401",
    "img": "https://productimages.coles.com.au/productimages/3/3540401.jpg",
    "price": 1.25,
    "quantity": 0.15,
    "unitPrice": 8.3
  },
  {
    "name": "Vanilla Coconut Yoghurt",
    "url": "https://www.coles.com.au/product/cocobella-vanilla-coconut-yoghurt-150g-3540412",
    "img": "https://productimages.coles.com.au/productimages/3/3540412.jpg",
    "price": 1.25,
    "quantity": 0.15,
    "unitPrice": 8.3
  },
  {
    "name": "Coconut Passionfruit Yoghurt",
    "url": "https://www.coles.com.au/product/cocobella-coconut-passionfruit-yoghurt-150g-3847007",
    "img": "https://productimages.coles.com.au/productimages/3/3847007.jpg",
    "price": 1.25,
    "quantity": 0.15,
    "unitPrice": 8.3
  },
  {
    "name": "Pasta Tortellini Veal",
    "url": "https://www.coles.com.au/product/coles-pasta-tortellini-veal-600g-2714289",
    "img": "https://productimages.coles.com.au/productimages/2/2714289.jpg",
    "price": 5,
    "quantity": 0.6,
    "unitPrice": 8.3
  },
  {
    "name": "Ricotta Spinach Agnolotti Pasta",
    "url": "https://www.coles.com.au/product/coles-ricotta-spinach-agnolotti-pasta-600g-2714303",
    "img": "https://productimages.coles.com.au/productimages/2/2714303.jpg",
    "price": 5,
    "quantity": 0.6,
    "unitPrice": 8.3
  },
  {
    "name": "Beef Ravioli Pasta",
    "url": "https://www.coles.com.au/product/coles-beef-ravioli-pasta-600g-2716080",
    "img": "https://productimages.coles.com.au/productimages/2/2716080.jpg",
    "price": 5,
    "quantity": 0.6,
    "unitPrice": 8.3
  },
  {
    "name": "Chicken Tortellini",
    "url": "https://www.coles.com.au/product/coles-chicken-tortellini-600g-3920118",
    "img": "https://productimages.coles.com.au/productimages/3/3920118.jpg",
    "price": 5,
    "quantity": 0.6,
    "unitPrice": 8.3
  },
  {
    "name": "Ham & Cheese Tortellini",
    "url": "https://www.coles.com.au/product/coles-ham-&-cheese-tortellini-600g-4690319",
    "img": "https://productimages.coles.com.au/productimages/4/4690319.jpg",
    "price": 5,
    "quantity": 0.6,
    "unitPrice": 8.3
  },
  {
    "name": "Probiotic Kefir Yoghurt Mango",
    "url": "https://www.coles.com.au/product/babushka's-probiotic-kefir-yoghurt-mango-750g-5641137",
    "img": "https://productimages.coles.com.au/productimages/5/5641137.jpg",
    "price": 6.2,
    "quantity": 0.75,
    "unitPrice": 8.3
  },
  {
    "name": "Probiotic Kefir Yoghurt Organic Natural",
    "url": "https://www.coles.com.au/product/babushka's-probiotic-kefir-yoghurt-organic-natural-750ml-5658209",
    "img": "https://productimages.coles.com.au/productimages/5/5658209.jpg",
    "price": 6.2,
    "quantity": 0.75,
    "unitPrice": 8.3
  },
  {
    "name": "Strawberry Coconut Yoghurt",
    "url": "https://www.coles.com.au/product/cocobella-strawberry-coconut-yoghurt-150g-3540401",
    "img": "https://productimages.coles.com.au/productimages/3/3540401.jpg",
    "price": 1.25,
    "quantity": 0.15,
    "unitPrice": 8.3
  },
  {
    "name": "Vanilla Coconut Yoghurt",
    "url": "https://www.coles.com.au/product/cocobella-vanilla-coconut-yoghurt-150g-3540412",
    "img": "https://productimages.coles.com.au/productimages/3/3540412.jpg",
    "price": 1.25,
    "quantity": 0.15,
    "unitPrice": 8.3
  },
  {
    "name": "Coconut Passionfruit Yoghurt",
    "url": "https://www.coles.com.au/product/cocobella-coconut-passionfruit-yoghurt-150g-3847007",
    "img": "https://productimages.coles.com.au/productimages/3/3847007.jpg",
    "price": 1.25,
    "quantity": 0.15,
    "unitPrice": 8.3
  },
  {
    "name": "Pasta Tortellini Veal",
    "url": "https://www.coles.com.au/product/coles-pasta-tortellini-veal-600g-2714289",
    "img": "https://productimages.coles.com.au/productimages/2/2714289.jpg",
    "price": 5,
    "quantity": 0.6,
    "unitPrice": 8.3
  },
  {
    "name": "Ricotta Spinach Agnolotti Pasta",
    "url": "https://www.coles.com.au/product/coles-ricotta-spinach-agnolotti-pasta-600g-2714303",
    "img": "https://productimages.coles.com.au/productimages/2/2714303.jpg",
    "price": 5,
    "quantity": 0.6,
    "unitPrice": 8.3
  },
  {
    "name": "Beef Ravioli Pasta",
    "url": "https://www.coles.com.au/product/coles-beef-ravioli-pasta-600g-2716080",
    "img": "https://productimages.coles.com.au/productimages/2/2716080.jpg",
    "price": 5,
    "quantity": 0.6,
    "unitPrice": 8.3
  },
  {
    "name": "Chicken Tortellini",
    "url": "https://www.coles.com.au/product/coles-chicken-tortellini-600g-3920118",
    "img": "https://productimages.coles.com.au/productimages/3/3920118.jpg",
    "price": 5,
    "quantity": 0.6,
    "unitPrice": 8.3
  },
  {
    "name": "Ham & Cheese Tortellini",
    "url": "https://www.coles.com.au/product/coles-ham-&-cheese-tortellini-600g-4690319",
    "img": "https://productimages.coles.com.au/productimages/4/4690319.jpg",
    "price": 5,
    "quantity": 0.6,
    "unitPrice": 8.3
  },
  {
    "name": "Cinnamon Scroll Mix",
    "url": "https://www.coles.com.au/product/greens-cinnamon-scroll-mix-520g-3996244",
    "img": "https://productimages.coles.com.au/productimages/3/3996244.jpg",
    "price": 4.3,
    "quantity": 0.52,
    "unitPrice": 8.3
  },
  {
    "name": "Custard Powder",
    "url": "https://www.coles.com.au/product/coles-custard-powder-350g-5896229",
    "img": "https://productimages.coles.com.au/productimages/5/5896229.jpg",
    "price": 2.9,
    "quantity": 0.35,
    "unitPrice": 8.3
  },
  {
    "name": "Fold & Roll Tortilla Wraps 6 Pack",
    "url": "https://www.coles.com.au/product/coles-fold-&-roll-tortilla-wraps-6-pack-545g-3479027",
    "img": "https://productimages.coles.com.au/productimages/3/3479027.jpg",
    "price": 4.5,
    "quantity": 0.545,
    "unitPrice": 8.3
  },
  {
    "name": "Panda Brand Oyster Sauce",
    "url": "https://www.coles.com.au/product/lee-kum-kee-panda-brand-oyster-sauce-907g-5253207",
    "img": "https://productimages.coles.com.au/productimages/5/5253207.jpg",
    "price": 7.5,
    "quantity": 0.907,
    "unitPrice": 8.3
  },
  {
    "name": "Emperor Spicy Chicken Noodles ",
    "url": "https://www.coles.com.au/product/jinmailang-emperor-spicy-chicken-noodles--114g-1385068",
    "img": "https://productimages.coles.com.au/productimages/1/1385068.jpg",
    "price": 0.95,
    "quantity": 0.114,
    "unitPrice": 8.3
  },
  {
    "name": "Fold & Roll Tortilla Wraps 6 Pack",
    "url": "https://www.coles.com.au/product/coles-fold-&-roll-tortilla-wraps-6-pack-545g-3479027",
    "img": "https://productimages.coles.com.au/productimages/3/3479027.jpg",
    "price": 4.5,
    "quantity": 0.545,
    "unitPrice": 8.3
  },
  {
    "name": "Panda Brand Oyster Sauce",
    "url": "https://www.coles.com.au/product/lee-kum-kee-panda-brand-oyster-sauce-907g-5253207",
    "img": "https://productimages.coles.com.au/productimages/5/5253207.jpg",
    "price": 7.5,
    "quantity": 0.907,
    "unitPrice": 8.3
  },
  {
    "name": "Emperor Spicy Chicken Noodles ",
    "url": "https://www.coles.com.au/product/jinmailang-emperor-spicy-chicken-noodles--114g-1385068",
    "img": "https://productimages.coles.com.au/productimages/1/1385068.jpg",
    "price": 0.95,
    "quantity": 0.114,
    "unitPrice": 8.3
  },
  {
    "name": "Oreo Ice Cream Tub",
    "url": "https://www.coles.com.au/product/peters-oreo-ice-cream-tub-1.2l-3626370",
    "img": "https://productimages.coles.com.au/productimages/3/3626370.jpg",
    "price": 10,
    "quantity": 1.2,
    "unitPrice": 8.3
  },
  {
    "name": "Milo Tub",
    "url": "https://www.coles.com.au/product/nestle-milo-tub-1.2l-4469255",
    "img": "https://productimages.coles.com.au/productimages/4/4469255.jpg",
    "price": 10,
    "quantity": 1.2,
    "unitPrice": 8.3
  },
  {
    "name": "Mazzetti Apple Cider Vinegar With Mother",
    "url": "https://www.woolworths.com.au/shop/productdetails/895992",
    "img": "https://cdn0.woolworths.media/content/wowproductimages/medium/895992.jpg",
    "price": 4.15,
    "quantity": 0.5,
    "unitPrice": 8.3
  },
  {
    "name": "Jalna Greek Yoghurt",
    "url": "https://www.woolworths.com.au/shop/productdetails/331963",
    "img": "https://cdn0.woolworths.media/content/wowproductimages/medium/331963.jpg",
    "price": 8.3,
    "quantity": 1,
    "unitPrice": 8.3
  },
  {
    "name": "Jalna Premium Vanilla Yoghurt",
    "url": "https://www.woolworths.com.au/shop/productdetails/178437",
    "img": "https://cdn0.woolworths.media/content/wowproductimages/medium/178437.jpg",
    "price": 8.3,
    "quantity": 1,
    "unitPrice": 8.3
  },
  {
    "name": "Jalna Sweet & Creamy Greek Yoghurt",
    "url": "https://www.woolworths.com.au/shop/productdetails/768154",
    "img": "https://cdn0.woolworths.media/content/wowproductimages/medium/768154.jpg",
    "price": 8.3,
    "quantity": 1,
    "unitPrice": 8.3
  },
  {
    "name": "Jalna Sweet & Creamy Yoghurt Strawberry",
    "url": "https://www.woolworths.com.au/shop/productdetails/463018",
    "img": "https://cdn0.woolworths.media/content/wowproductimages/medium/463018.jpg",
    "price": 8.3,
    "quantity": 1,
    "unitPrice": 8.3
  },
  {
    "name": "Jalna Fat Free Yoghurt",
    "url": "https://www.woolworths.com.au/shop/productdetails/43053",
    "img": "https://cdn0.woolworths.media/content/wowproductimages/medium/043053.jpg",
    "price": 8.3,
    "quantity": 1,
    "unitPrice": 8.3
  },
  {
    "name": "Jalna Sweet & Creamy Yoghurt Coconut",
    "url": "https://www.woolworths.com.au/shop/productdetails/463034",
    "img": "https://cdn0.woolworths.media/content/wowproductimages/medium/463034.jpg",
    "price": 8.3,
    "quantity": 1,
    "unitPrice": 8.3
  },
  {
    "name": "Jalna Light Greek Yoghurt",
    "url": "https://www.woolworths.com.au/shop/productdetails/243786",
    "img": "https://cdn0.woolworths.media/content/wowproductimages/medium/243786.jpg",
    "price": 8.3,
    "quantity": 1,
    "unitPrice": 8.3
  },
  {
    "name": "Babushka's Powerful Probiotic Kefir Organic Natural Yoghurt",
    "url": "https://www.woolworths.com.au/shop/productdetails/244287",
    "img": "https://cdn0.woolworths.media/content/wowproductimages/medium/244287.jpg",
    "price": 6.2,
    "quantity": 0.75,
    "unitPrice": 8.3
  },
  {
    "name": "Babushka's Powerful Probiotic Kefir Honey & Turmeric Natural Yoghurt",
    "url": "https://www.woolworths.com.au/shop/productdetails/242106",
    "img": "https://cdn0.woolworths.media/content/wowproductimages/medium/242106.jpg",
    "price": 6.2,
    "quantity": 0.75,
    "unitPrice": 8.3
  },
  {
    "name": "Woolworths Yummy Rainbow Rings",
    "url": "https://www.woolworths.com.au/shop/productdetails/841055",
    "img": "https://cdn0.woolworths.media/content/wowproductimages/medium/841055.jpg",
    "price": 2.5,
    "quantity": 0.3,
    "unitPrice": 8.3
  },
  {
    "name": "Squid Brand Fish Sauce",
    "url": "https://www.woolworths.com.au/shop/productdetails/99484",
    "img": "https://cdn0.woolworths.media/content/wowproductimages/medium/099484.jpg",
    "price": 2.5,
    "quantity": 0.3,
    "unitPrice": 8.3
  },
  {
    "name": "Kan Tong Pineapple Sweet & Sour Stir Fry Cooking Sauce",
    "url": "https://www.woolworths.com.au/shop/productdetails/758374",
    "img": "https://cdn0.woolworths.media/content/wowproductimages/medium/758374.jpg",
    "price": 4.3,
    "quantity": 0.515,
    "unitPrice": 8.3
  },
  {
    "name": "Kan Tong Sweet & Sour Stir Fry Cooking Sauce",
    "url": "https://www.woolworths.com.au/shop/productdetails/758384",
    "img": "https://cdn0.woolworths.media/content/wowproductimages/medium/758384.jpg",
    "price": 4.3,
    "quantity": 0.515,
    "unitPrice": 8.3
  },
  {
    "name": "Campbell's Spaghetti Sauce With Beef With Beef",
    "url": "https://www.woolworths.com.au/shop/productdetails/37184",
    "img": "https://cdn0.woolworths.media/content/wowproductimages/medium/037184.jpg",
    "price": 3.4,
    "quantity": 0.41,
    "unitPrice": 8.3
  },
  {
    "name": "Kan Tong Stir Fry Sauce Honey, Sesame & Garlic",
    "url": "https://www.woolworths.com.au/shop/productdetails/758371",
    "img": "https://cdn0.woolworths.media/content/wowproductimages/medium/758371.jpg",
    "price": 4.3,
    "quantity": 0.52,
    "unitPrice": 8.3
  },
  {
    "name": "Green's Temptations Cinnamon Scroll Mix",
    "url": "https://www.woolworths.com.au/shop/productdetails/143118",
    "img": "https://cdn0.woolworths.media/content/wowproductimages/medium/143118.jpg",
    "price": 4.3,
    "quantity": 0.52,
    "unitPrice": 8.3
  },
  {
    "name": "Café Series Mashed Potato Cheddar Cheese",
    "url": "https://www.aldi.com.au/en/groceries/limited-time-only/limited-time-only-detail/ps/p/caf-series-mashed-potato-cheddar-cheese-600g/",
    "img": "https://www.aldi.com.au/fileadmin/_processed_/e/d/csm_712671_DE_Q_01_1x1_d7b4a0496a.png",
    "price": 4.99,
    "quantity": 0.6,
    "unitPrice": 8.32
  },
  {
    "name": "Café Series Mashed Potato Cheddar Cheese",
    "url": "https://www.aldi.com.au/en/groceries/limited-time-only/limited-time-only-detail/ps/p/caf-series-mashed-potato-cheddar-cheese-600g/",
    "img": "https://www.aldi.com.au/fileadmin/_processed_/e/d/csm_712671_DE_Q_01_1x1_d7b4a0496a.png",
    "price": 4.99,
    "quantity": 0.6,
    "unitPrice": 8.32
  },
  {
    "name": "Mexican Chilli Beans Medium Baked Beans ",
    "url": "https://www.coles.com.au/product/heinz-mexican-chilli-beans-medium-baked-beans--420g-3840788",
    "img": "https://productimages.coles.com.au/productimages/3/3840788.jpg",
    "price": 3.5,
    "quantity": 0.42,
    "unitPrice": 8.33
  },
  {
    "name": "Mexican Chilli Beans Hot Baked beans",
    "url": "https://www.coles.com.au/product/heinz-mexican-chilli-beans-hot-baked-beans-420g-3841146",
    "img": "https://productimages.coles.com.au/productimages/3/3841146.jpg",
    "price": 3.5,
    "quantity": 0.42,
    "unitPrice": 8.33
  },
  {
    "name": "Soft Drink Can",
    "url": "https://www.coles.com.au/product/dr-pepper-soft-drink-can-330ml-7223830",
    "img": "https://productimages.coles.com.au/productimages/7/7223830.jpg",
    "price": 2.75,
    "quantity": 0.33,
    "unitPrice": 8.33
  },
  {
    "name": "Soft Drink Can",
    "url": "https://www.coles.com.au/product/dr-pepper-soft-drink-can-330ml-7223830",
    "img": "https://productimages.coles.com.au/productimages/7/7223830.jpg",
    "price": 2.75,
    "quantity": 0.33,
    "unitPrice": 8.33
  },
  {
    "name": "Margarine Spread Original",
    "url": "https://www.coles.com.au/product/flora-margarine-spread-original-500g-189406",
    "img": "https://productimages.coles.com.au/productimages/1/189406.jpg",
    "price": 4.2,
    "quantity": 0.5,
    "unitPrice": 8.4
  },
  {
    "name": "Dripping",
    "url": "https://www.coles.com.au/product/wik-dripping-500g-3277088",
    "img": "https://productimages.coles.com.au/productimages/3/3277088.jpg",
    "price": 4.2,
    "quantity": 0.5,
    "unitPrice": 8.4
  },
  {
    "name": "Sour Cream",
    "url": "https://www.coles.com.au/product/coles-sour-cream-500g-3676980",
    "img": "https://productimages.coles.com.au/productimages/3/3676980.jpg",
    "price": 4.2,
    "quantity": 0.5,
    "unitPrice": 8.4
  },
  {
    "name": "Light Sour Cream",
    "url": "https://www.coles.com.au/product/coles-light-sour-cream-500g-3676990",
    "img": "https://productimages.coles.com.au/productimages/3/3676990.jpg",
    "price": 4.2,
    "quantity": 0.5,
    "unitPrice": 8.4
  },
  {
    "name": "Margarine Spread Light",
    "url": "https://www.coles.com.au/product/flora-margarine-spread-light-500g-87643",
    "img": "https://productimages.coles.com.au/productimages/8/87643.jpg",
    "price": 4.2,
    "quantity": 0.5,
    "unitPrice": 8.4
  },
  {
    "name": "Souvlaki Pizza Pita Bread",
    "url": "https://www.coles.com.au/product/gerry-pittes-souvlaki-pizza-pita-bread-450g-485602",
    "img": "https://productimages.coles.com.au/productimages/4/485602.jpg",
    "price": 3.8,
    "quantity": 0.45,
    "unitPrice": 8.4
  },
  {
    "name": "Margarine Spread Original",
    "url": "https://www.coles.com.au/product/flora-margarine-spread-original-500g-189406",
    "img": "https://productimages.coles.com.au/productimages/1/189406.jpg",
    "price": 4.2,
    "quantity": 0.5,
    "unitPrice": 8.4
  },
  {
    "name": "Dripping",
    "url": "https://www.coles.com.au/product/wik-dripping-500g-3277088",
    "img": "https://productimages.coles.com.au/productimages/3/3277088.jpg",
    "price": 4.2,
    "quantity": 0.5,
    "unitPrice": 8.4
  },
  {
    "name": "Sour Cream",
    "url": "https://www.coles.com.au/product/coles-sour-cream-500g-3676980",
    "img": "https://productimages.coles.com.au/productimages/3/3676980.jpg",
    "price": 4.2,
    "quantity": 0.5,
    "unitPrice": 8.4
  },
  {
    "name": "Light Sour Cream",
    "url": "https://www.coles.com.au/product/coles-light-sour-cream-500g-3676990",
    "img": "https://productimages.coles.com.au/productimages/3/3676990.jpg",
    "price": 4.2,
    "quantity": 0.5,
    "unitPrice": 8.4
  },
  {
    "name": "Margarine Spread Light",
    "url": "https://www.coles.com.au/product/flora-margarine-spread-light-500g-87643",
    "img": "https://productimages.coles.com.au/productimages/8/87643.jpg",
    "price": 4.2,
    "quantity": 0.5,
    "unitPrice": 8.4
  },
  {
    "name": "Souvlaki Pizza Pita Bread",
    "url": "https://www.coles.com.au/product/gerry-pittes-souvlaki-pizza-pita-bread-450g-485602",
    "img": "https://productimages.coles.com.au/productimages/4/485602.jpg",
    "price": 3.8,
    "quantity": 0.45,
    "unitPrice": 8.4
  },
  {
    "name": "Traditional Rye Bread",
    "url": "https://www.coles.com.au/product/burgen-traditional-rye-bread-700g-5249684",
    "img": "https://productimages.coles.com.au/productimages/5/5249684.jpg",
    "price": 5.9,
    "quantity": 0.7,
    "unitPrice": 8.4
  },
  {
    "name": "Wholemeal & Seeds Bread",
    "url": "https://www.coles.com.au/product/burgen-wholemeal-&-seeds-bread-700g-5369358",
    "img": "https://productimages.coles.com.au/productimages/5/5369358.jpg",
    "price": 5.9,
    "quantity": 0.7,
    "unitPrice": 8.4
  },
  {
    "name": "Soy & Linseed Bread",
    "url": "https://www.coles.com.au/product/burgen-soy-&-linseed-bread-700g-6712445",
    "img": "https://productimages.coles.com.au/productimages/6/6712445.jpg",
    "price": 5.9,
    "quantity": 0.7,
    "unitPrice": 8.4
  },
  {
    "name": "Gluten Free All Purpose Plain Flour",
    "url": "https://www.coles.com.au/product/orgran-gluten-free-all-purpose-plain-flour-500g-8907220",
    "img": "https://productimages.coles.com.au/productimages/8/8907220.jpg",
    "price": 4.2,
    "quantity": 0.5,
    "unitPrice": 8.4
  },
  {
    "name": "Gluten Free Self Raising Flour",
    "url": "https://www.coles.com.au/product/orgran-gluten-free-self-raising-flour-500g-8907252",
    "img": "https://productimages.coles.com.au/productimages/8/8907252.jpg",
    "price": 4.2,
    "quantity": 0.5,
    "unitPrice": 8.4
  },
  {
    "name": "Gluten Free Self Raising Flour",
    "url": "https://www.coles.com.au/product/white-wings-gluten-free-self-raising-flour-750g-5361378",
    "img": "https://productimages.coles.com.au/productimages/5/5361378.jpg",
    "price": 6.3,
    "quantity": 0.75,
    "unitPrice": 8.4
  },
  {
    "name": "Plain Flour Mix Gluten Free",
    "url": "https://www.coles.com.au/product/white-wings-plain-flour-mix-gluten-free-750g-5361389",
    "img": "https://productimages.coles.com.au/productimages/5/5361389.jpg",
    "price": 6.3,
    "quantity": 0.75,
    "unitPrice": 8.4
  },
  {
    "name": "Traditional Date Loaf Baking Mix",
    "url": "https://www.coles.com.au/product/green's-traditional-date-loaf-baking-mix-415g-90309",
    "img": "https://productimages.coles.com.au/productimages/9/90309.jpg",
    "price": 3.5,
    "quantity": 0.415,
    "unitPrice": 8.4
  },
  {
    "name": "Grape Drink",
    "url": "https://www.coles.com.au/product/bon-bon-grape-drink-238g-5610144",
    "img": "https://productimages.coles.com.au/productimages/5/5610144.jpg",
    "price": 2,
    "quantity": 0.238,
    "unitPrice": 8.4
  },
  {
    "name": "Grape Drink",
    "url": "https://www.coles.com.au/product/bon-bon-grape-drink-238g-5610144",
    "img": "https://productimages.coles.com.au/productimages/5/5610144.jpg",
    "price": 2,
    "quantity": 0.238,
    "unitPrice": 8.4
  },
  {
    "name": "Murray Street Ice Cream Vanilla Bean",
    "url": "https://www.coles.com.au/product/bulla-murray-street-ice-cream-vanilla-bean-1l-5363599",
    "img": "https://productimages.coles.com.au/productimages/5/5363599.jpg",
    "price": 8.4,
    "quantity": 1,
    "unitPrice": 8.4
  },
  {
    "name": "Murray Street Ice Cream Chocolate & Fudge Ripple",
    "url": "https://www.coles.com.au/product/bulla-murray-street-ice-cream-chocolate-&-fudge-ripple-1l-5363602",
    "img": "https://productimages.coles.com.au/productimages/5/5363602.jpg",
    "price": 8.4,
    "quantity": 1,
    "unitPrice": 8.4
  },
  {
    "name": "Murray Street Vanilla & Boysenberry Swirl",
    "url": "https://www.coles.com.au/product/bulla-murray-street-vanilla-&-boysenberry-swirl-1l-5363624",
    "img": "https://productimages.coles.com.au/productimages/5/5363624.jpg",
    "price": 8.4,
    "quantity": 1,
    "unitPrice": 8.4
  },
  {
    "name": "Murray Street Ice Cream Caramel Swirl & Shortbread",
    "url": "https://www.coles.com.au/product/bulla-murray-street-ice-cream-caramel-swirl-&-shortbread-1l-5363679",
    "img": "https://productimages.coles.com.au/productimages/5/5363679.jpg",
    "price": 8.4,
    "quantity": 1,
    "unitPrice": 8.4
  },
  {
    "name": "Burgen Soy & Linseed Low Gi Sliced Bread Loaf",
    "url": "https://www.woolworths.com.au/shop/productdetails/232833",
    "img": "https://cdn0.woolworths.media/content/wowproductimages/medium/232833.jpg",
    "price": 5.9,
    "quantity": 0.7,
    "unitPrice": 8.4
  },
  {
    "name": "Burgen Wholemeal & Seeds Low Gi Sliced Bread Loaf",
    "url": "https://www.woolworths.com.au/shop/productdetails/253921",
    "img": "https://cdn0.woolworths.media/content/wowproductimages/medium/253921.jpg",
    "price": 5.9,
    "quantity": 0.7,
    "unitPrice": 8.4
  },
  {
    "name": "Burgen Rye Low Gi Sliced Bread Loaf",
    "url": "https://www.woolworths.com.au/shop/productdetails/232832",
    "img": "https://cdn0.woolworths.media/content/wowproductimages/medium/232832.jpg",
    "price": 5.9,
    "quantity": 0.7,
    "unitPrice": 8.4
  },
  {
    "name": "Kellogg's Corn Flakes Breakfast Cereal",
    "url": "https://www.woolworths.com.au/shop/productdetails/201949",
    "img": "https://cdn0.woolworths.media/content/wowproductimages/medium/201949.jpg",
    "price": 7.5,
    "quantity": 0.89,
    "unitPrice": 8.4
  },
  {
    "name": "Kan Tong Honey Teriyaki Stir Fry Sauce",
    "url": "https://www.woolworths.com.au/shop/productdetails/777837",
    "img": "https://cdn0.woolworths.media/content/wowproductimages/medium/777837.jpg",
    "price": 4.3,
    "quantity": 0.51,
    "unitPrice": 8.4
  },
  {
    "name": "Kan Tong Black Bean Stir Fry Cooking Sauce",
    "url": "https://www.woolworths.com.au/shop/productdetails/758300",
    "img": "https://cdn0.woolworths.media/content/wowproductimages/medium/758300.jpg",
    "price": 4.3,
    "quantity": 0.51,
    "unitPrice": 8.4
  },
  {
    "name": "Pearl River Dark Soy Sauce",
    "url": "https://www.woolworths.com.au/shop/productdetails/310223",
    "img": "https://cdn0.woolworths.media/content/wowproductimages/medium/310223.jpg",
    "price": 4.2,
    "quantity": 0.5,
    "unitPrice": 8.4
  },
  {
    "name": "Golden Circle Australian Canned Fruit Tinned Pineapple Slices In Syrup",
    "url": "https://www.woolworths.com.au/shop/productdetails/33429",
    "img": "https://cdn0.woolworths.media/content/wowproductimages/medium/033429.jpg",
    "price": 3.8,
    "quantity": 0.45,
    "unitPrice": 8.44
  },
  {
    "name": "Golden Circle Australian Canned Fruit Tinned Pineapple Pieces In Syrup",
    "url": "https://www.woolworths.com.au/shop/productdetails/33428",
    "img": "https://cdn0.woolworths.media/content/wowproductimages/medium/033428.jpg",
    "price": 3.8,
    "quantity": 0.45,
    "unitPrice": 8.44
  },
  {
    "name": "Golden Circle Australian Canned Fruit Tinned Crushed Pineapple In Syrup",
    "url": "https://www.woolworths.com.au/shop/productdetails/33427",
    "img": "https://cdn0.woolworths.media/content/wowproductimages/medium/033427.jpg",
    "price": 3.8,
    "quantity": 0.45,
    "unitPrice": 8.44
  },
  {
    "name": "Essentials Traditional Gravy Mix",
    "url": "https://www.woolworths.com.au/shop/productdetails/202209",
    "img": "https://cdn0.woolworths.media/content/wowproductimages/medium/202209.jpg",
    "price": 3.6,
    "quantity": 0.425,
    "unitPrice": 8.47
  },
  {
    "name": "Almond Iced Chocolate",
    "url": "https://www.coles.com.au/product/vitasoy-almond-iced-chocolate-330ml-3624680",
    "img": "https://productimages.coles.com.au/productimages/3/3624680.jpg",
    "price": 2.8,
    "quantity": 0.33,
    "unitPrice": 8.48
  },
  {
    "name": "Almond Iced Coffee Double Espresso",
    "url": "https://www.coles.com.au/product/vitasoy-almond-iced-coffee-double-espresso-330ml-3624705",
    "img": "https://productimages.coles.com.au/productimages/3/3624705.jpg",
    "price": 2.8,
    "quantity": 0.33,
    "unitPrice": 8.48
  },
  {
    "name": "Oat Cafe Latte",
    "url": "https://www.coles.com.au/product/vitasoy-oat-cafe-latte-330ml-5602521",
    "img": "https://productimages.coles.com.au/productimages/5/5602521.jpg",
    "price": 2.8,
    "quantity": 0.33,
    "unitPrice": 8.48
  },
  {
    "name": "Almond Iced Chocolate",
    "url": "https://www.coles.com.au/product/vitasoy-almond-iced-chocolate-330ml-3624680",
    "img": "https://productimages.coles.com.au/productimages/3/3624680.jpg",
    "price": 2.8,
    "quantity": 0.33,
    "unitPrice": 8.48
  },
  {
    "name": "Almond Iced Coffee Double Espresso",
    "url": "https://www.coles.com.au/product/vitasoy-almond-iced-coffee-double-espresso-330ml-3624705",
    "img": "https://productimages.coles.com.au/productimages/3/3624705.jpg",
    "price": 2.8,
    "quantity": 0.33,
    "unitPrice": 8.48
  },
  {
    "name": "Oat Cafe Latte",
    "url": "https://www.coles.com.au/product/vitasoy-oat-cafe-latte-330ml-5602521",
    "img": "https://productimages.coles.com.au/productimages/5/5602521.jpg",
    "price": 2.8,
    "quantity": 0.33,
    "unitPrice": 8.48
  },
  {
    "name": "Organic Kent Pumpkin",
    "url": "https://www.coles.com.au/product/coles-organic-kent-pumpkin-approx.-800g-each-3119043",
    "img": "https://productimages.coles.com.au/productimages/3/3119043.jpg",
    "price": 6.8,
    "quantity": 0.8,
    "unitPrice": 8.5
  },
  {
    "name": "Organic Butternut Pumpkin",
    "url": "https://www.coles.com.au/product/coles-organic-butternut-pumpkin-approx.-500g-each-3119190",
    "img": "https://productimages.coles.com.au/productimages/3/3119190.jpg",
    "price": 4.25,
    "quantity": 0.5,
    "unitPrice": 8.5
  },
  {
    "name": "Organic Kent Pumpkin",
    "url": "https://www.coles.com.au/product/coles-organic-kent-pumpkin-approx.-800g-each-3119043",
    "img": "https://productimages.coles.com.au/productimages/3/3119043.jpg",
    "price": 6.8,
    "quantity": 0.8,
    "unitPrice": 8.5
  },
  {
    "name": "Organic Butternut Pumpkin",
    "url": "https://www.coles.com.au/product/coles-organic-butternut-pumpkin-approx.-500g-each-3119190",
    "img": "https://productimages.coles.com.au/productimages/3/3119190.jpg",
    "price": 4.25,
    "quantity": 0.5,
    "unitPrice": 8.5
  },
  {
    "name": "I'M Free From Banana Bread Mix",
    "url": "https://www.coles.com.au/product/coles-i'm-free-from-banana-bread-mix-400g-1252166",
    "img": "https://productimages.coles.com.au/productimages/1/1252166.jpg",
    "price": 3.4,
    "quantity": 0.4,
    "unitPrice": 8.5
  },
  {
    "name": "Quail Eggs In Brine",
    "url": "https://www.coles.com.au/product/tcc-quail-eggs-in-brine-425g-3632441",
    "img": "https://productimages.coles.com.au/productimages/3/3632441.jpg",
    "price": 3.6,
    "quantity": 0.425,
    "unitPrice": 8.5
  },
  {
    "name": "Organic Coconut Milk",
    "url": "https://www.coles.com.au/product/ayam-organic-coconut-milk-400ml-3753694",
    "img": "https://productimages.coles.com.au/productimages/3/3753694.jpg",
    "price": 3.4,
    "quantity": 0.4,
    "unitPrice": 8.5
  },
  {
    "name": "Organic Coconut Cream",
    "url": "https://www.coles.com.au/product/ayam-organic-coconut-cream-400ml-3753708",
    "img": "https://productimages.coles.com.au/productimages/3/3753708.jpg",
    "price": 3.4,
    "quantity": 0.4,
    "unitPrice": 8.5
  },
  {
    "name": "Red Miso Paste",
    "url": "https://www.coles.com.au/product/hikari-red-miso-paste-400g-6068970",
    "img": "https://productimages.coles.com.au/productimages/6/6068970.jpg",
    "price": 3.4,
    "quantity": 0.4,
    "unitPrice": 8.5
  },
  {
    "name": "White Miso Paste",
    "url": "https://www.coles.com.au/product/hikari-white-miso-paste-400g-6068980",
    "img": "https://productimages.coles.com.au/productimages/6/6068980.jpg",
    "price": 3.4,
    "quantity": 0.4,
    "unitPrice": 8.5
  },
  {
    "name": "Quail Eggs In Brine",
    "url": "https://www.coles.com.au/product/tcc-quail-eggs-in-brine-425g-3632441",
    "img": "https://productimages.coles.com.au/productimages/3/3632441.jpg",
    "price": 3.6,
    "quantity": 0.425,
    "unitPrice": 8.5
  },
  {
    "name": "Organic Coconut Milk",
    "url": "https://www.coles.com.au/product/ayam-organic-coconut-milk-400ml-3753694",
    "img": "https://productimages.coles.com.au/productimages/3/3753694.jpg",
    "price": 3.4,
    "quantity": 0.4,
    "unitPrice": 8.5
  },
  {
    "name": "Organic Coconut Cream",
    "url": "https://www.coles.com.au/product/ayam-organic-coconut-cream-400ml-3753708",
    "img": "https://productimages.coles.com.au/productimages/3/3753708.jpg",
    "price": 3.4,
    "quantity": 0.4,
    "unitPrice": 8.5
  },
  {
    "name": "Red Miso Paste",
    "url": "https://www.coles.com.au/product/hikari-red-miso-paste-400g-6068970",
    "img": "https://productimages.coles.com.au/productimages/6/6068970.jpg",
    "price": 3.4,
    "quantity": 0.4,
    "unitPrice": 8.5
  },
  {
    "name": "White Miso Paste",
    "url": "https://www.coles.com.au/product/hikari-white-miso-paste-400g-6068980",
    "img": "https://productimages.coles.com.au/productimages/6/6068980.jpg",
    "price": 3.4,
    "quantity": 0.4,
    "unitPrice": 8.5
  },
  {
    "name": "Original Barbecue Sauce",
    "url": "https://www.coles.com.au/product/eta-original-barbecue-sauce-375ml-234577",
    "img": "https://productimages.coles.com.au/productimages/2/234577.jpg",
    "price": 3.2,
    "quantity": 0.375,
    "unitPrice": 8.5
  },
  {
    "name": "Traditional Gravy Mix",
    "url": "https://www.coles.com.au/product/coles-traditional-gravy-mix-425g-7169713",
    "img": "https://productimages.coles.com.au/productimages/7/7169713.jpg",
    "price": 3.6,
    "quantity": 0.425,
    "unitPrice": 8.5
  },
  {
    "name": "Fish Finger Alaskan Pollock",
    "url": "https://www.coles.com.au/product/starpak-fish-finger-alaskan-pollock-1kg-3977410",
    "img": "https://productimages.coles.com.au/productimages/3/3977410.jpg",
    "price": 8.5,
    "quantity": 1,
    "unitPrice": 8.5
  },
  {
    "name": "Free Range Whole Chicken",
    "url": "https://www.coles.com.au/product/lilydale-free-range-whole-chicken-approx.-1.27kg-each-7607184",
    "img": "https://productimages.coles.com.au/productimages/7/7607184.jpg",
    "price": 10.79,
    "quantity": 1.27,
    "unitPrice": 8.5
  },
  {
    "name": "Free Range Whole Chicken",
    "url": "https://www.coles.com.au/product/lilydale-free-range-whole-chicken-approx.-1.27kg-each-7607184",
    "img": "https://productimages.coles.com.au/productimages/7/7607184.jpg",
    "price": 10.79,
    "quantity": 1.27,
    "unitPrice": 8.5
  },
  {
    "name": "Spc Young Green Jackfruit Pieces In Water",
    "url": "https://www.woolworths.com.au/shop/productdetails/94217",
    "img": "https://cdn0.woolworths.media/content/wowproductimages/medium/094217.jpg",
    "price": 3.5,
    "quantity": 0.41,
    "unitPrice": 8.5
  },
  {
    "name": "Heinz Classic Creamy Chicken & Mushroom Soup Ready Meals",
    "url": "https://www.woolworths.com.au/shop/productdetails/828503",
    "img": "https://cdn0.woolworths.media/content/wowproductimages/medium/828503.jpg",
    "price": 4.4,
    "quantity": 0.52,
    "unitPrice": 8.5
  },
  {
    "name": "Heinz Big N Chunky Mexican Chilli Beef Soup Ready Meals",
    "url": "https://www.woolworths.com.au/shop/productdetails/750407",
    "img": "https://cdn0.woolworths.media/content/wowproductimages/medium/750407.jpg",
    "price": 4.4,
    "quantity": 0.52,
    "unitPrice": 8.5
  },
  {
    "name": "Woolworths Lamb Offal Liver",
    "url": "https://www.woolworths.com.au/shop/productdetails/221144",
    "img": "https://cdn0.woolworths.media/content/wowproductimages/medium/221144.jpg",
    "price": 6.38,
    "quantity": 0.75,
    "unitPrice": 8.5
  },
  {
    "name": "Kan Tong Peanut Satay Stir Fry Cooking Sauce",
    "url": "https://www.woolworths.com.au/shop/productdetails/758381",
    "img": "https://cdn0.woolworths.media/content/wowproductimages/medium/758381.jpg",
    "price": 4.3,
    "quantity": 0.505,
    "unitPrice": 8.5
  },
  {
    "name": "Woolworths Free From Gluten Banana Bread",
    "url": "https://www.woolworths.com.au/shop/productdetails/770074",
    "img": "https://cdn0.woolworths.media/content/wowproductimages/medium/770074.jpg",
    "price": 3.4,
    "quantity": 0.4,
    "unitPrice": 8.5
  },
  {
    "name": "Raw Peanuts",
    "url": "https://www.coles.com.au/product/coles-raw-peanuts-375g-4419472",
    "img": "https://productimages.coles.com.au/productimages/4/4419472.jpg",
    "price": 3.2,
    "quantity": 0.375,
    "unitPrice": 8.53
  },
  {
    "name": "Big Eat Big N Beefy Casserole",
    "url": "https://www.coles.com.au/product/heinz-big-eat-big-n-beefy-casserole-410g-7730588",
    "img": "https://productimages.coles.com.au/productimages/7/7730588.jpg",
    "price": 3.5,
    "quantity": 0.41,
    "unitPrice": 8.54
  },
  {
    "name": "Big Eat Spaghetti Bolognese",
    "url": "https://www.coles.com.au/product/heinz-big-eat-spaghetti-bolognese-410g-8489797",
    "img": "https://productimages.coles.com.au/productimages/8/8489797.jpg",
    "price": 3.5,
    "quantity": 0.41,
    "unitPrice": 8.54
  },
  {
    "name": "Big Eat Breakfast All Day",
    "url": "https://www.coles.com.au/product/heinz-big-eat-breakfast-all-day-410g-8490322",
    "img": "https://productimages.coles.com.au/productimages/8/8490322.jpg",
    "price": 3.5,
    "quantity": 0.41,
    "unitPrice": 8.54
  },
  {
    "name": "Big Eat Ravioli Bolognese",
    "url": "https://www.coles.com.au/product/heinz-big-eat-ravioli-bolognese-410g-8492259",
    "img": "https://productimages.coles.com.au/productimages/8/8492259.jpg",
    "price": 3.5,
    "quantity": 0.41,
    "unitPrice": 8.54
  },
  {
    "name": "Heinz Big Eat Ravioli Bolognese Canned Meal",
    "url": "https://www.woolworths.com.au/shop/productdetails/347680",
    "img": "https://cdn0.woolworths.media/content/wowproductimages/medium/347680.jpg",
    "price": 3.5,
    "quantity": 0.41,
    "unitPrice": 8.54
  },
  {
    "name": "Heinz Big Eat Spaghetti Bolognese Canned Meal",
    "url": "https://www.woolworths.com.au/shop/productdetails/347667",
    "img": "https://cdn0.woolworths.media/content/wowproductimages/medium/347667.jpg",
    "price": 3.5,
    "quantity": 0.41,
    "unitPrice": 8.54
  },
  {
    "name": "Liberty Cage Free Eggs 15 Pack",
    "url": "https://www.coles.com.au/product/pace-farm-liberty-cage-free-eggs-15-pack-885g-7405383",
    "img": "https://productimages.coles.com.au/productimages/7/7405383.jpg",
    "price": 7.6,
    "quantity": 0.885,
    "unitPrice": 8.6
  },
  {
    "name": "Farmhouse Gold Vanilla Custard",
    "url": "https://www.coles.com.au/product/pauls-farmhouse-gold-vanilla-custard-800g-2847282",
    "img": "https://productimages.coles.com.au/productimages/2/2847282.jpg",
    "price": 6.9,
    "quantity": 0.8,
    "unitPrice": 8.6
  },
  {
    "name": "Liberty Cage Free Eggs 15 Pack",
    "url": "https://www.coles.com.au/product/pace-farm-liberty-cage-free-eggs-15-pack-885g-7405383",
    "img": "https://productimages.coles.com.au/productimages/7/7405383.jpg",
    "price": 7.6,
    "quantity": 0.885,
    "unitPrice": 8.6
  },
  {
    "name": "Farmhouse Gold Vanilla Custard",
    "url": "https://www.coles.com.au/product/pauls-farmhouse-gold-vanilla-custard-800g-2847282",
    "img": "https://productimages.coles.com.au/productimages/2/2847282.jpg",
    "price": 6.9,
    "quantity": 0.8,
    "unitPrice": 8.6
  },
  {
    "name": "Triple Choc Fudge Brownie",
    "url": "https://www.coles.com.au/product/green's-triple-choc-fudge-brownie-500g-2734570",
    "img": "https://productimages.coles.com.au/productimages/2/2734570.jpg",
    "price": 4.3,
    "quantity": 0.5,
    "unitPrice": 8.6
  },
  {
    "name": "Organic Cherry Tomato Puree Passata",
    "url": "https://www.coles.com.au/product/classica-organic-cherry-tomato-puree-passata-660g-2504821",
    "img": "https://productimages.coles.com.au/productimages/2/2504821.jpg",
    "price": 5.7,
    "quantity": 0.66,
    "unitPrice": 8.6
  },
  {
    "name": "Organic Cherry Tomato Puree Passata",
    "url": "https://www.coles.com.au/product/classica-organic-cherry-tomato-puree-passata-660g-2504821",
    "img": "https://productimages.coles.com.au/productimages/2/2504821.jpg",
    "price": 5.7,
    "quantity": 0.66,
    "unitPrice": 8.6
  },
  {
    "name": "Extra Bolognese Pasta Sauce",
    "url": "https://www.coles.com.au/product/dolmio-extra-bolognese-pasta-sauce-500g-1274373",
    "img": "https://productimages.coles.com.au/productimages/1/1274373.jpg",
    "price": 4.3,
    "quantity": 0.5,
    "unitPrice": 8.6
  },
  {
    "name": "Extra Four Cheese Pasta Sauce",
    "url": "https://www.coles.com.au/product/dolmio-extra-four-cheese-pasta-sauce-500g-1274384",
    "img": "https://productimages.coles.com.au/productimages/1/1274384.jpg",
    "price": 4.3,
    "quantity": 0.5,
    "unitPrice": 8.6
  },
  {
    "name": "Extra Garden Vegetables Pasta Sauce",
    "url": "https://www.coles.com.au/product/dolmio-extra-garden-vegetables-pasta-sauce-500g-1274410",
    "img": "https://productimages.coles.com.au/productimages/1/1274410.jpg",
    "price": 4.3,
    "quantity": 0.5,
    "unitPrice": 8.6
  },
  {
    "name": "Extra Italian Herb Pasta Sauce",
    "url": "https://www.coles.com.au/product/dolmio-extra-italian-herb-pasta-sauce-500g-1274420",
    "img": "https://productimages.coles.com.au/productimages/1/1274420.jpg",
    "price": 4.3,
    "quantity": 0.5,
    "unitPrice": 8.6
  },
  {
    "name": "Extra Red Wine & Italian Herbs Pasta Sauce",
    "url": "https://www.coles.com.au/product/dolmio-extra-red-wine-&-italian-herbs-pasta-sauce-500g-1274442",
    "img": "https://productimages.coles.com.au/productimages/1/1274442.jpg",
    "price": 4.3,
    "quantity": 0.5,
    "unitPrice": 8.6
  },
  {
    "name": "Extra Spicy Pepper Pasta Sauce",
    "url": "https://www.coles.com.au/product/dolmio-extra-spicy-pepper-pasta-sauce-500g-1274453",
    "img": "https://productimages.coles.com.au/productimages/1/1274453.jpg",
    "price": 4.3,
    "quantity": 0.5,
    "unitPrice": 8.6
  },
  {
    "name": "Extra Tomato, Onion & Roast Garlic Pasta Sauce",
    "url": "https://www.coles.com.au/product/dolmio-extra-tomato,-onion-&-roast-garlic-pasta-sauce-500g-1274464",
    "img": "https://productimages.coles.com.au/productimages/1/1274464.jpg",
    "price": 4.3,
    "quantity": 0.5,
    "unitPrice": 8.6
  },
  {
    "name": "Extra Tomato, Onion & Roast Garlic Salt Reduced Pasta Sauce",
    "url": "https://www.coles.com.au/product/dolmio-extra-tomato,-onion-&-roast-garlic-salt-reduced-pasta-sauce-500g-1279402",
    "img": "https://productimages.coles.com.au/productimages/1/1279402.jpg",
    "price": 4.3,
    "quantity": 0.5,
    "unitPrice": 8.6
  },
  {
    "name": "Napoletana with Chunky Tomato & Herbs Pasta Sauce",
    "url": "https://www.coles.com.au/product/leggo's-napoletana-with-chunky-tomato-&-herbs-pasta-sauce-490g-2683899",
    "img": "https://productimages.coles.com.au/productimages/2/2683899.jpg",
    "price": 4.3,
    "quantity": 0.49,
    "unitPrice": 8.6
  },
  {
    "name": "Roasted Garlic with Chunky Tomato & Onion Pasta Sauce",
    "url": "https://www.coles.com.au/product/leggo's-roasted-garlic-with-chunky-tomato-&-onion-pasta-sauce-500g-2683902",
    "img": "https://productimages.coles.com.au/productimages/2/2683902.jpg",
    "price": 4.3,
    "quantity": 0.5,
    "unitPrice": 8.6
  },
  {
    "name": "Bolognese with Chunky Tomato Garlic & Herbs Pasta Sauce",
    "url": "https://www.coles.com.au/product/leggo's-bolognese-with-chunky-tomato-garlic-&-herbs-pasta-sauce-500g-2683924",
    "img": "https://productimages.coles.com.au/productimages/2/2683924.jpg",
    "price": 4.3,
    "quantity": 0.5,
    "unitPrice": 8.6
  },
  {
    "name": "Pasta Sauce Bolognese With Mushroom",
    "url": "https://www.coles.com.au/product/leggo's-pasta-sauce-bolognese-with-mushroom-500g-2683935",
    "img": "https://productimages.coles.com.au/productimages/2/2683935.jpg",
    "price": 4.3,
    "quantity": 0.5,
    "unitPrice": 8.6
  },
  {
    "name": "Bolognese With Red Wine Pasta Sauce",
    "url": "https://www.coles.com.au/product/leggo's-bolognese-with-red-wine-pasta-sauce-500g-2683946",
    "img": "https://productimages.coles.com.au/productimages/2/2683946.jpg",
    "price": 4.3,
    "quantity": 0.5,
    "unitPrice": 8.6
  },
  {
    "name": "Hidden Vegetable Extra Pasta Sauce",
    "url": "https://www.coles.com.au/product/dolmio-hidden-vegetable-extra-pasta-sauce-500g-3869779",
    "img": "https://productimages.coles.com.au/productimages/3/3869779.jpg",
    "price": 4.3,
    "quantity": 0.5,
    "unitPrice": 8.6
  },
  {
    "name": "Bolognese Bacon Flavour",
    "url": "https://www.coles.com.au/product/leggos-bolognese-bacon-flavour-500g-7116965",
    "img": "https://productimages.coles.com.au/productimages/7/7116965.jpg",
    "price": 4.3,
    "quantity": 0.5,
    "unitPrice": 8.6
  },
  {
    "name": "Extra Italian Herb Pasta Sauce",
    "url": "https://www.coles.com.au/product/dolmio-extra-italian-herb-pasta-sauce-500g-1274420",
    "img": "https://productimages.coles.com.au/productimages/1/1274420.jpg",
    "price": 4.3,
    "quantity": 0.5,
    "unitPrice": 8.6
  },
  {
    "name": "Extra Red Wine & Italian Herbs Pasta Sauce",
    "url": "https://www.coles.com.au/product/dolmio-extra-red-wine-&-italian-herbs-pasta-sauce-500g-1274442",
    "img": "https://productimages.coles.com.au/productimages/1/1274442.jpg",
    "price": 4.3,
    "quantity": 0.5,
    "unitPrice": 8.6
  },
  {
    "name": "Extra Spicy Pepper Pasta Sauce",
    "url": "https://www.coles.com.au/product/dolmio-extra-spicy-pepper-pasta-sauce-500g-1274453",
    "img": "https://productimages.coles.com.au/productimages/1/1274453.jpg",
    "price": 4.3,
    "quantity": 0.5,
    "unitPrice": 8.6
  },
  {
    "name": "Extra Tomato, Onion & Roast Garlic Pasta Sauce",
    "url": "https://www.coles.com.au/product/dolmio-extra-tomato,-onion-&-roast-garlic-pasta-sauce-500g-1274464",
    "img": "https://productimages.coles.com.au/productimages/1/1274464.jpg",
    "price": 4.3,
    "quantity": 0.5,
    "unitPrice": 8.6
  },
  {
    "name": "Extra Tomato, Onion & Roast Garlic Salt Reduced Pasta Sauce",
    "url": "https://www.coles.com.au/product/dolmio-extra-tomato,-onion-&-roast-garlic-salt-reduced-pasta-sauce-500g-1279402",
    "img": "https://productimages.coles.com.au/productimages/1/1279402.jpg",
    "price": 4.3,
    "quantity": 0.5,
    "unitPrice": 8.6
  },
  {
    "name": "Napoletana with Chunky Tomato & Herbs Pasta Sauce",
    "url": "https://www.coles.com.au/product/leggo's-napoletana-with-chunky-tomato-&-herbs-pasta-sauce-490g-2683899",
    "img": "https://productimages.coles.com.au/productimages/2/2683899.jpg",
    "price": 4.3,
    "quantity": 0.49,
    "unitPrice": 8.6
  },
  {
    "name": "Roasted Garlic with Chunky Tomato & Onion Pasta Sauce",
    "url": "https://www.coles.com.au/product/leggo's-roasted-garlic-with-chunky-tomato-&-onion-pasta-sauce-500g-2683902",
    "img": "https://productimages.coles.com.au/productimages/2/2683902.jpg",
    "price": 4.3,
    "quantity": 0.5,
    "unitPrice": 8.6
  },
  {
    "name": "Bolognese with Chunky Tomato Garlic & Herbs Pasta Sauce",
    "url": "https://www.coles.com.au/product/leggo's-bolognese-with-chunky-tomato-garlic-&-herbs-pasta-sauce-500g-2683924",
    "img": "https://productimages.coles.com.au/productimages/2/2683924.jpg",
    "price": 4.3,
    "quantity": 0.5,
    "unitPrice": 8.6
  },
  {
    "name": "Pasta Sauce Bolognese With Mushroom",
    "url": "https://www.coles.com.au/product/leggo's-pasta-sauce-bolognese-with-mushroom-500g-2683935",
    "img": "https://productimages.coles.com.au/productimages/2/2683935.jpg",
    "price": 4.3,
    "quantity": 0.5,
    "unitPrice": 8.6
  },
  {
    "name": "Bolognese With Red Wine Pasta Sauce",
    "url": "https://www.coles.com.au/product/leggo's-bolognese-with-red-wine-pasta-sauce-500g-2683946",
    "img": "https://productimages.coles.com.au/productimages/2/2683946.jpg",
    "price": 4.3,
    "quantity": 0.5,
    "unitPrice": 8.6
  },
  {
    "name": "Hidden Vegetable Extra Pasta Sauce",
    "url": "https://www.coles.com.au/product/dolmio-hidden-vegetable-extra-pasta-sauce-500g-3869779",
    "img": "https://productimages.coles.com.au/productimages/3/3869779.jpg",
    "price": 4.3,
    "quantity": 0.5,
    "unitPrice": 8.6
  },
  {
    "name": "Bolognese Bacon Flavour",
    "url": "https://www.coles.com.au/product/leggos-bolognese-bacon-flavour-500g-7116965",
    "img": "https://productimages.coles.com.au/productimages/7/7116965.jpg",
    "price": 4.3,
    "quantity": 0.5,
    "unitPrice": 8.6
  },
  {
    "name": "Gold'n Canola Margarine",
    "url": "https://www.woolworths.com.au/shop/productdetails/3878",
    "img": "https://cdn0.woolworths.media/content/wowproductimages/medium/003878.jpg",
    "price": 4.3,
    "quantity": 0.5,
    "unitPrice": 8.6
  },
  {
    "name": "Woolworths Traditional Dark Fruit Cake",
    "url": "https://www.woolworths.com.au/shop/productdetails/263028",
    "img": "https://cdn0.woolworths.media/content/wowproductimages/medium/263028.jpg",
    "price": 6,
    "quantity": 0.7,
    "unitPrice": 8.6
  },
  {
    "name": "Woolworths Traditional Light Fruit Cake",
    "url": "https://www.woolworths.com.au/shop/productdetails/263020",
    "img": "https://cdn0.woolworths.media/content/wowproductimages/medium/263020.jpg",
    "price": 6,
    "quantity": 0.7,
    "unitPrice": 8.6
  },
  {
    "name": "Vaalia Kids Probiotic Yoghurt Pouch Vanilla",
    "url": "https://www.woolworths.com.au/shop/productdetails/331445",
    "img": "https://cdn0.woolworths.media/content/wowproductimages/medium/331445.jpg",
    "price": 1.2,
    "quantity": 0.14,
    "unitPrice": 8.6
  },
  {
    "name": "Vaalia Kids Probiotic Yoghurt Pouch Strawberry",
    "url": "https://www.woolworths.com.au/shop/productdetails/331448",
    "img": "https://cdn0.woolworths.media/content/wowproductimages/medium/331448.jpg",
    "price": 1.2,
    "quantity": 0.14,
    "unitPrice": 8.6
  },
  {
    "name": "Vaalia Kids Probiotic Yoghurt Pouch Tropical",
    "url": "https://www.woolworths.com.au/shop/productdetails/360392",
    "img": "https://cdn0.woolworths.media/content/wowproductimages/medium/360392.jpg",
    "price": 1.2,
    "quantity": 0.14,
    "unitPrice": 8.6
  },
  {
    "name": "Vaalia Kids Probiotic Yoghurt Pouch Banana",
    "url": "https://www.woolworths.com.au/shop/productdetails/374976",
    "img": "https://cdn0.woolworths.media/content/wowproductimages/medium/374976.jpg",
    "price": 1.2,
    "quantity": 0.14,
    "unitPrice": 8.6
  },
  {
    "name": "Vaalia Kids Probiotic Yoghurt Pouch Blueberry",
    "url": "https://www.woolworths.com.au/shop/productdetails/123956",
    "img": "https://cdn0.woolworths.media/content/wowproductimages/medium/123956.jpg",
    "price": 1.2,
    "quantity": 0.14,
    "unitPrice": 8.6
  },
  {
    "name": "Vaalia Kids Probiotic Yoghurt Pouch Lactose Free Vanilla",
    "url": "https://www.woolworths.com.au/shop/productdetails/751971",
    "img": "https://cdn0.woolworths.media/content/wowproductimages/medium/751971.jpg",
    "price": 1.2,
    "quantity": 0.14,
    "unitPrice": 8.6
  },
  {
    "name": "Vaalia Kids Probiotic Yoghurt Pouch Lactose Free Strawberry",
    "url": "https://www.woolworths.com.au/shop/productdetails/751890",
    "img": "https://cdn0.woolworths.media/content/wowproductimages/medium/751890.jpg",
    "price": 1.2,
    "quantity": 0.14,
    "unitPrice": 8.6
  },
  {
    "name": "Vaalia Kids Probiotic Yoghurt Pouch Limited Edition Honeycomb",
    "url": "https://www.woolworths.com.au/shop/productdetails/166947",
    "img": "https://cdn0.woolworths.media/content/wowproductimages/medium/166947.jpg",
    "price": 1.2,
    "quantity": 0.14,
    "unitPrice": 8.6
  },
  {
    "name": "Vaalia Kids Probiotic Yoghurt Pouch Lactose Free Blueberry",
    "url": "https://www.woolworths.com.au/shop/productdetails/83841",
    "img": "https://cdn0.woolworths.media/content/wowproductimages/medium/083841.jpg",
    "price": 1.2,
    "quantity": 0.14,
    "unitPrice": 8.6
  },
  {
    "name": "Dolmio Extra Bolognese Tomato Pasta Sauce",
    "url": "https://www.woolworths.com.au/shop/productdetails/758286",
    "img": "https://cdn0.woolworths.media/content/wowproductimages/medium/758286.jpg",
    "price": 4.3,
    "quantity": 0.5,
    "unitPrice": 8.6
  },
  {
    "name": "Dolmio Extra Tomato Onion & Roast Garlic Pasta Sauce",
    "url": "https://www.woolworths.com.au/shop/productdetails/758342",
    "img": "https://cdn0.woolworths.media/content/wowproductimages/medium/758342.jpg",
    "price": 4.3,
    "quantity": 0.5,
    "unitPrice": 8.6
  },
  {
    "name": "Dolmio Extra Garden Vegetables Tomato Pasta Sauce",
    "url": "https://www.woolworths.com.au/shop/productdetails/758313",
    "img": "https://cdn0.woolworths.media/content/wowproductimages/medium/758313.jpg",
    "price": 4.3,
    "quantity": 0.5,
    "unitPrice": 8.6
  },
  {
    "name": "Dolmio Extra Red Wine & Italian Herbs Tomato Pasta Sauce",
    "url": "https://www.woolworths.com.au/shop/productdetails/758288",
    "img": "https://cdn0.woolworths.media/content/wowproductimages/medium/758288.jpg",
    "price": 4.3,
    "quantity": 0.5,
    "unitPrice": 8.6
  },
  {
    "name": "Kan Tong Honey Soy Garlic Stir Fry Sauce",
    "url": "https://www.woolworths.com.au/shop/productdetails/421920",
    "img": "https://cdn0.woolworths.media/content/wowproductimages/medium/421920.jpg",
    "price": 4.3,
    "quantity": 0.5,
    "unitPrice": 8.6
  },
  {
    "name": "Dolmio Extra Italian Herbs Tomato Pasta Sauce",
    "url": "https://www.woolworths.com.au/shop/productdetails/758314",
    "img": "https://cdn0.woolworths.media/content/wowproductimages/medium/758314.jpg",
    "price": 4.3,
    "quantity": 0.5,
    "unitPrice": 8.6
  },
  {
    "name": "Dolmio Extra Spicy Peppers Tomato Pasta Sauce",
    "url": "https://www.woolworths.com.au/shop/productdetails/758299",
    "img": "https://cdn0.woolworths.media/content/wowproductimages/medium/758299.jpg",
    "price": 4.3,
    "quantity": 0.5,
    "unitPrice": 8.6
  },
  {
    "name": "Dolmio Extra Tomato, Onion & Garlic Salt Reduced Pasta Sauce",
    "url": "https://www.woolworths.com.au/shop/productdetails/758316",
    "img": "https://cdn0.woolworths.media/content/wowproductimages/medium/758316.jpg",
    "price": 4.3,
    "quantity": 0.5,
    "unitPrice": 8.6
  },
  {
    "name": "Green's Brownie Mix Triple Chocolate Fudge",
    "url": "https://www.woolworths.com.au/shop/productdetails/575822",
    "img": "https://cdn0.woolworths.media/content/wowproductimages/medium/575822.jpg",
    "price": 4.3,
    "quantity": 0.5,
    "unitPrice": 8.6
  },
  {
    "name": "Golden Circle Australian Canned Fruit Tinned Pineapple Pieces In Juice",
    "url": "https://www.woolworths.com.au/shop/productdetails/34676",
    "img": "https://cdn0.woolworths.media/content/wowproductimages/medium/034676.jpg",
    "price": 3.8,
    "quantity": 0.44,
    "unitPrice": 8.64
  },
  {
    "name": "Golden Circle Australian Canned Fruit Tinned Pineapple Slices In Juice",
    "url": "https://www.woolworths.com.au/shop/productdetails/33437",
    "img": "https://cdn0.woolworths.media/content/wowproductimages/medium/033437.jpg",
    "price": 3.8,
    "quantity": 0.44,
    "unitPrice": 8.64
  },
  {
    "name": "Golden Circle Australian Canned Fruit Tinned Crushed Pineapple In Juice",
    "url": "https://www.woolworths.com.au/shop/productdetails/2863",
    "img": "https://cdn0.woolworths.media/content/wowproductimages/medium/002863.jpg",
    "price": 3.8,
    "quantity": 0.44,
    "unitPrice": 8.64
  },
  {
    "name": "Kitchen Family Vegetable Medley",
    "url": "https://www.coles.com.au/product/coles-kitchen-family-vegetable-medley-750g-3878736",
    "img": "https://productimages.coles.com.au/productimages/3/3878736.jpg",
    "price": 6.5,
    "quantity": 0.75,
    "unitPrice": 8.67
  },
  {
    "name": "Kitchen Classic Vegetable Stir Fry",
    "url": "https://www.coles.com.au/product/coles-kitchen-classic-vegetable-stir-fry-750g-4462223",
    "img": "https://productimages.coles.com.au/productimages/4/4462223.jpg",
    "price": 6.5,
    "quantity": 0.75,
    "unitPrice": 8.67
  },
  {
    "name": "Kitchen Family Vegetable Medley",
    "url": "https://www.coles.com.au/product/coles-kitchen-family-vegetable-medley-750g-3878736",
    "img": "https://productimages.coles.com.au/productimages/3/3878736.jpg",
    "price": 6.5,
    "quantity": 0.75,
    "unitPrice": 8.67
  },
  {
    "name": "Devondale 100% Pure Full Cream Long Life Milk",
    "url": "https://www.woolworths.com.au/shop/productdetails/310679",
    "img": "https://cdn0.woolworths.media/content/wowproductimages/medium/310679.jpg",
    "price": 1.3,
    "quantity": 0.15,
    "unitPrice": 8.67
  },
  {
    "name": "Devondale 100% Pure Full Cream Long Life Milk",
    "url": "https://www.woolworths.com.au/shop/productdetails/310679",
    "img": "https://cdn0.woolworths.media/content/wowproductimages/medium/310679.jpg",
    "price": 1.3,
    "quantity": 0.15,
    "unitPrice": 8.67
  },
  {
    "name": "Woolworths Chicken Bulk Schnitzels",
    "url": "https://www.woolworths.com.au/shop/productdetails/134036",
    "img": "https://cdn0.woolworths.media/content/wowproductimages/medium/134036.jpg",
    "price": 13,
    "quantity": 1.5,
    "unitPrice": 8.67
  },
  {
    "name": "Free Range Eggs 12 Pack",
    "url": "https://www.coles.com.au/product/coles-free-range-eggs-12-pack-600g-9453456",
    "img": "https://productimages.coles.com.au/productimages/9/9453456.jpg",
    "price": 5.2,
    "quantity": 0.6,
    "unitPrice": 8.7
  },
  {
    "name": "Ultimate Greek Yoghurt Limited Edition 4 pack",
    "url": "https://www.coles.com.au/product/danone-ultimate-greek-yoghurt-limited-edition-4-pack-460g-3310161",
    "img": "https://productimages.coles.com.au/productimages/3/3310161.jpg",
    "price": 4,
    "quantity": 0.46,
    "unitPrice": 8.7
  },
  {
    "name": "Greek Yogurt Natural Light",
    "url": "https://www.coles.com.au/product/chobani-greek-yogurt-natural-light-907g-1435100",
    "img": "https://productimages.coles.com.au/productimages/1/1435100.jpg",
    "price": 7.9,
    "quantity": 0.907,
    "unitPrice": 8.7
  },
  {
    "name": "Greek Yogurt Natural Whole Milk",
    "url": "https://www.coles.com.au/product/chobani-greek-yogurt-natural-whole-milk-907g-2745340",
    "img": "https://productimages.coles.com.au/productimages/2/2745340.jpg",
    "price": 7.9,
    "quantity": 0.907,
    "unitPrice": 8.7
  },
  {
    "name": "Greek Yogurt Vanilla",
    "url": "https://www.coles.com.au/product/chobani-greek-yogurt-vanilla-907g-3246583",
    "img": "https://productimages.coles.com.au/productimages/3/3246583.jpg",
    "price": 7.9,
    "quantity": 0.907,
    "unitPrice": 8.7
  },
  {
    "name": "Singapore Noodles",
    "url": "https://www.coles.com.au/product/fantastic-singapore-noodles-350g-8679588",
    "img": "https://productimages.coles.com.au/productimages/8/8679588.jpg",
    "price": 3.05,
    "quantity": 0.35,
    "unitPrice": 8.7
  },
  {
    "name": "Free Range Eggs 12 Pack",
    "url": "https://www.coles.com.au/product/coles-free-range-eggs-12-pack-600g-9453456",
    "img": "https://productimages.coles.com.au/productimages/9/9453456.jpg",
    "price": 5.2,
    "quantity": 0.6,
    "unitPrice": 8.7
  },
  {
    "name": "Ultimate Greek Yoghurt Limited Edition 4 pack",
    "url": "https://www.coles.com.au/product/danone-ultimate-greek-yoghurt-limited-edition-4-pack-460g-3310161",
    "img": "https://productimages.coles.com.au/productimages/3/3310161.jpg",
    "price": 4,
    "quantity": 0.46,
    "unitPrice": 8.7
  },
  {
    "name": "Greek Yogurt Natural Light",
    "url": "https://www.coles.com.au/product/chobani-greek-yogurt-natural-light-907g-1435100",
    "img": "https://productimages.coles.com.au/productimages/1/1435100.jpg",
    "price": 7.9,
    "quantity": 0.907,
    "unitPrice": 8.7
  },
  {
    "name": "Greek Yogurt Natural Whole Milk",
    "url": "https://www.coles.com.au/product/chobani-greek-yogurt-natural-whole-milk-907g-2745340",
    "img": "https://productimages.coles.com.au/productimages/2/2745340.jpg",
    "price": 7.9,
    "quantity": 0.907,
    "unitPrice": 8.7
  },
  {
    "name": "Greek Yogurt Vanilla",
    "url": "https://www.coles.com.au/product/chobani-greek-yogurt-vanilla-907g-3246583",
    "img": "https://productimages.coles.com.au/productimages/3/3246583.jpg",
    "price": 7.9,
    "quantity": 0.907,
    "unitPrice": 8.7
  },
  {
    "name": "Singapore Noodles",
    "url": "https://www.coles.com.au/product/fantastic-singapore-noodles-350g-8679588",
    "img": "https://productimages.coles.com.au/productimages/8/8679588.jpg",
    "price": 3.05,
    "quantity": 0.35,
    "unitPrice": 8.7
  },
  {
    "name": "No Artificial Preservatives Sweet Chilli Wraps 7 pack",
    "url": "https://www.coles.com.au/product/simson's-pantry-no-artificial-preservatives-sweet-chilli-wraps-7-pack-445g-5863300",
    "img": "https://productimages.coles.com.au/productimages/5/5863300.jpg",
    "price": 3.85,
    "quantity": 0.445,
    "unitPrice": 8.7
  },
  {
    "name": "Woolworths 12 Large Free Range Eggs",
    "url": "https://www.woolworths.com.au/shop/productdetails/224762",
    "img": "https://cdn0.woolworths.media/content/wowproductimages/medium/224762.jpg",
    "price": 5.2,
    "quantity": 0.6,
    "unitPrice": 8.7
  },
  {
    "name": "Pace Farm 12 Extra Large Cage Free Eggs",
    "url": "https://www.woolworths.com.au/shop/productdetails/59790",
    "img": "https://cdn0.woolworths.media/content/wowproductimages/medium/059790.jpg",
    "price": 6.1,
    "quantity": 0.7,
    "unitPrice": 8.7
  },
  {
    "name": "Sanitarium Weet-bix Organic Breakfast Cereal",
    "url": "https://www.woolworths.com.au/shop/productdetails/246967",
    "img": "https://cdn0.woolworths.media/content/wowproductimages/medium/246967.jpg",
    "price": 6.5,
    "quantity": 0.75,
    "unitPrice": 8.7
  },
  {
    "name": "Market Fare Potato Bake",
    "url": "https://www.aldi.com.au/en/groceries/freezer/freezer-detail/ps/p/market-fare-potato-bake-800g/",
    "img": "https://www.aldi.com.au/fileadmin/_processed_/6/b/csm_1002370-4_Q3_WEB_AUDIT_1x1_228x128_56_RET_2c867786c4.png",
    "price": 6.99,
    "quantity": 0.8,
    "unitPrice": 8.74
  },
  {
    "name": "Kitchen Family Stir Fry Mix",
    "url": "https://www.coles.com.au/product/coles-kitchen-family-stir-fry-mix-400g-6133889",
    "img": "https://productimages.coles.com.au/productimages/6/6133889.jpg",
    "price": 3.5,
    "quantity": 0.4,
    "unitPrice": 8.75
  },
  {
    "name": "Roasted & Salted Peanuts",
    "url": "https://www.coles.com.au/product/coles-roasted-&-salted-peanuts-800g-4714825",
    "img": "https://productimages.coles.com.au/productimages/4/4714825.jpg",
    "price": 7,
    "quantity": 0.8,
    "unitPrice": 8.75
  },
  {
    "name": "Riviana Bean Sprouts",
    "url": "https://www.woolworths.com.au/shop/productdetails/943285",
    "img": "https://cdn0.woolworths.media/content/wowproductimages/medium/943285.jpg",
    "price": 1.75,
    "quantity": 0.2,
    "unitPrice": 8.75
  },
  {
    "name": "Riviana Bean Sprouts",
    "url": "https://www.woolworths.com.au/shop/productdetails/943285",
    "img": "https://cdn0.woolworths.media/content/wowproductimages/medium/943285.jpg",
    "price": 1.75,
    "quantity": 0.2,
    "unitPrice": 8.75
  },
  {
    "name": "Woolworths Cook Stir Fry Mix Rainbow Vegetables",
    "url": "https://www.woolworths.com.au/shop/productdetails/185251",
    "img": "https://cdn0.woolworths.media/content/wowproductimages/medium/185251.jpg",
    "price": 3.5,
    "quantity": 0.4,
    "unitPrice": 8.75
  },
  {
    "name": "Woolworths Pork Mince",
    "url": "https://www.woolworths.com.au/shop/productdetails/169853",
    "img": "https://cdn0.woolworths.media/content/wowproductimages/medium/169853.jpg",
    "price": 7,
    "quantity": 0.8,
    "unitPrice": 8.75
  },
  {
    "name": "Mountain Valley Australian Molasses Squeeze",
    "url": "https://www.woolworths.com.au/shop/productdetails/122336",
    "img": "https://cdn0.woolworths.media/content/wowproductimages/medium/122336.jpg",
    "price": 3.5,
    "quantity": 0.4,
    "unitPrice": 8.75
  },
  {
    "name": "Westacre Dairy Smooth Ricotta",
    "url": "https://www.aldi.com.au/en/groceries/fresh-produce/dairy-eggs/dairy-eggs-detail/ps/p/westacre-dairy-smooth-ricotta-375g/",
    "img": "https://www.aldi.com.au/fileadmin/_processed_/f/c/csm_1002370-4_Q3_WEB_AUDIT_1x1_228x128_2_RET_23a3c7d10a.png",
    "price": 3.29,
    "quantity": 0.375,
    "unitPrice": 8.77
  },
  {
    "name": "Sauerkraut",
    "url": "https://www.coles.com.au/product/edgell-sauerkraut-410g-132442",
    "img": "https://productimages.coles.com.au/productimages/1/132442.jpg",
    "price": 3.6,
    "quantity": 0.41,
    "unitPrice": 8.78
  },
  {
    "name": "Mexican Lime Soda",
    "url": "https://www.coles.com.au/product/jarritos-mexican-lime-soda-370ml-3327696",
    "img": "https://productimages.coles.com.au/productimages/3/3327696.jpg",
    "price": 3.25,
    "quantity": 0.37,
    "unitPrice": 8.78
  },
  {
    "name": "Mexican Lime Soda",
    "url": "https://www.coles.com.au/product/jarritos-mexican-lime-soda-370ml-3327696",
    "img": "https://productimages.coles.com.au/productimages/3/3327696.jpg",
    "price": 3.25,
    "quantity": 0.37,
    "unitPrice": 8.78
  },
  {
    "name": "Edgell Sauerkraut Canned Vegetables Fermented",
    "url": "https://www.woolworths.com.au/shop/productdetails/34126",
    "img": "https://cdn0.woolworths.media/content/wowproductimages/medium/034126.jpg",
    "price": 3.6,
    "quantity": 0.41,
    "unitPrice": 8.78
  },
  {
    "name": "Edgell Sauerkraut Canned Vegetables Fermented",
    "url": "https://www.woolworths.com.au/shop/productdetails/34126",
    "img": "https://cdn0.woolworths.media/content/wowproductimages/medium/034126.jpg",
    "price": 3.6,
    "quantity": 0.41,
    "unitPrice": 8.78
  },
  {
    "name": "Food Envy Rice Pudding Vanilla Bean 2 x",
    "url": "https://www.aldi.com.au/en/groceries/fresh-produce/dairy-eggs/dairy-eggs-detail/ps/p/food-envy-rice-pudding-vanilla-bean-2-x-170g/",
    "img": "https://www.aldi.com.au/fileadmin/_processed_/f/c/csm_ALN3354_Q2-WEB-AUDIT_1x1_228x128_19_223a4235f9.jpg",
    "price": 2.99,
    "quantity": 0.34,
    "unitPrice": 8.8
  },
  {
    "name": "Up & Go Choc Energize",
    "url": "https://www.coles.com.au/product/sanitarium-up-&-go-choc-energize-500ml-2918165",
    "img": "https://productimages.coles.com.au/productimages/2/2918165.jpg",
    "price": 4.4,
    "quantity": 0.5,
    "unitPrice": 8.8
  },
  {
    "name": "Farm To Pot Organic Yoghurt Greek",
    "url": "https://www.coles.com.au/product/jalna-farm-to-pot-organic-yoghurt-greek-1kg-3816954",
    "img": "https://productimages.coles.com.au/productimages/3/3816954.jpg",
    "price": 8.8,
    "quantity": 1,
    "unitPrice": 8.8
  },
  {
    "name": "Up & Go Choc Energize",
    "url": "https://www.coles.com.au/product/sanitarium-up-&-go-choc-energize-500ml-2918165",
    "img": "https://productimages.coles.com.au/productimages/2/2918165.jpg",
    "price": 4.4,
    "quantity": 0.5,
    "unitPrice": 8.8
  },
  {
    "name": "Farm To Pot Organic Yoghurt Greek",
    "url": "https://www.coles.com.au/product/jalna-farm-to-pot-organic-yoghurt-greek-1kg-3816954",
    "img": "https://productimages.coles.com.au/productimages/3/3816954.jpg",
    "price": 8.8,
    "quantity": 1,
    "unitPrice": 8.8
  },
  {
    "name": "Jam Sponge Roll",
    "url": "https://www.coles.com.au/product/coles-bakery-jam-sponge-roll-400g-8782565",
    "img": "https://productimages.coles.com.au/productimages/8/8782565.jpg",
    "price": 3.5,
    "quantity": 0.4,
    "unitPrice": 8.8
  },
  {
    "name": "Traditional Banana Bread",
    "url": "https://www.coles.com.au/product/green's-traditional-banana-bread-400g-3996947",
    "img": "https://productimages.coles.com.au/productimages/3/3996947.jpg",
    "price": 3.5,
    "quantity": 0.4,
    "unitPrice": 8.8
  },
  {
    "name": "Vanilla Cupcake Mix",
    "url": "https://www.coles.com.au/product/green's-vanilla-cupcake-mix-490g-5675300",
    "img": "https://productimages.coles.com.au/productimages/5/5675300.jpg",
    "price": 4.3,
    "quantity": 0.49,
    "unitPrice": 8.8
  },
  {
    "name": "Flavour Creations Pulled Lamb Pearl Barley & Lentil Soup",
    "url": "https://www.coles.com.au/product/coles-flavour-creations-pulled-lamb-pearl-barley-&-lentil-soup-430g-4868670",
    "img": "https://productimages.coles.com.au/productimages/4/4868670.jpg",
    "price": 3.8,
    "quantity": 0.43,
    "unitPrice": 8.8
  },
  {
    "name": "Flavour Creations Pump Sweet Potato & Cumin Soup",
    "url": "https://www.coles.com.au/product/coles-flavour-creations-pump-sweet-potato-&-cumin-soup-430g-4868691",
    "img": "https://productimages.coles.com.au/productimages/4/4868691.jpg",
    "price": 3.8,
    "quantity": 0.43,
    "unitPrice": 8.8
  },
  {
    "name": "Flavour Creations Home Style 8 Veg & Chicken Soup",
    "url": "https://www.coles.com.au/product/coles-flavour-creations-home-style-8-veg-&-chicken-soup-430g-4868727",
    "img": "https://productimages.coles.com.au/productimages/4/4868727.jpg",
    "price": 3.8,
    "quantity": 0.43,
    "unitPrice": 8.8
  },
  {
    "name": "Medium Brown Microwave Rice Cups",
    "url": "https://www.coles.com.au/product/coles-medium-brown-microwave-rice-cups-250g-1074953",
    "img": "https://productimages.coles.com.au/productimages/1/1074953.jpg",
    "price": 2.2,
    "quantity": 0.25,
    "unitPrice": 8.8
  },
  {
    "name": "Microwave Basmati Rice Cup",
    "url": "https://www.coles.com.au/product/coles-microwave-basmati-rice-cup-250g-3234664",
    "img": "https://productimages.coles.com.au/productimages/3/3234664.jpg",
    "price": 2.2,
    "quantity": 0.25,
    "unitPrice": 8.8
  },
  {
    "name": "Flavour Creations Tuscan Style Shredded Chicken Rice & Vegetable Soup",
    "url": "https://www.coles.com.au/product/coles-flavour-creations-tuscan-style-shredded-chicken-rice-&-vegetable-soup-430g-4868625",
    "img": "https://productimages.coles.com.au/productimages/4/4868625.jpg",
    "price": 3.8,
    "quantity": 0.43,
    "unitPrice": 8.8
  },
  {
    "name": "Flavour Creations Pulled Lamb Pearl Barley & Lentil Soup",
    "url": "https://www.coles.com.au/product/coles-flavour-creations-pulled-lamb-pearl-barley-&-lentil-soup-430g-4868670",
    "img": "https://productimages.coles.com.au/productimages/4/4868670.jpg",
    "price": 3.8,
    "quantity": 0.43,
    "unitPrice": 8.8
  },
  {
    "name": "Flavour Creations Pump Sweet Potato & Cumin Soup",
    "url": "https://www.coles.com.au/product/coles-flavour-creations-pump-sweet-potato-&-cumin-soup-430g-4868691",
    "img": "https://productimages.coles.com.au/productimages/4/4868691.jpg",
    "price": 3.8,
    "quantity": 0.43,
    "unitPrice": 8.8
  },
  {
    "name": "Flavour Creations Home Style 8 Veg & Chicken Soup",
    "url": "https://www.coles.com.au/product/coles-flavour-creations-home-style-8-veg-&-chicken-soup-430g-4868727",
    "img": "https://productimages.coles.com.au/productimages/4/4868727.jpg",
    "price": 3.8,
    "quantity": 0.43,
    "unitPrice": 8.8
  },
  {
    "name": "Burrito Tortilla Wraps 10 pack",
    "url": "https://www.coles.com.au/product/coles-burrito-tortilla-wraps-10-pack-400g-2372301",
    "img": "https://productimages.coles.com.au/productimages/2/2372301.jpg",
    "price": 3.5,
    "quantity": 0.4,
    "unitPrice": 8.8
  },
  {
    "name": "Refried Pinto Beans",
    "url": "https://www.coles.com.au/product/la-costena-refried-pinto-beans-400g-2373472",
    "img": "https://productimages.coles.com.au/productimages/2/2373472.jpg",
    "price": 3.5,
    "quantity": 0.4,
    "unitPrice": 8.8
  },
  {
    "name": "Whole Black Beans",
    "url": "https://www.coles.com.au/product/la-costena-whole-black-beans-400g-2373483",
    "img": "https://productimages.coles.com.au/productimages/2/2373483.jpg",
    "price": 3.5,
    "quantity": 0.4,
    "unitPrice": 8.8
  },
  {
    "name": "Thai Style Salad Dressing",
    "url": "https://www.coles.com.au/product/mae-ploy-thai-style-salad-dressing-285ml-6073460",
    "img": "https://productimages.coles.com.au/productimages/6/6073460.jpg",
    "price": 2.5,
    "quantity": 0.285,
    "unitPrice": 8.8
  },
  {
    "name": "Mexican Mandarin Soda",
    "url": "https://www.coles.com.au/product/jarritos-mexican-mandarin-soda-370ml-3327700",
    "img": "https://productimages.coles.com.au/productimages/3/3327700.jpg",
    "price": 3.25,
    "quantity": 0.37,
    "unitPrice": 8.8
  },
  {
    "name": "Street Tacos",
    "url": "https://www.coles.com.au/product/mission-street-tacos-375g-3801301",
    "img": "https://productimages.coles.com.au/productimages/3/3801301.jpg",
    "price": 3.3,
    "quantity": 0.375,
    "unitPrice": 8.8
  },
  {
    "name": "Rose Water",
    "url": "https://www.coles.com.au/product/aoun-rose-water-500ml-3083456",
    "img": "https://productimages.coles.com.au/productimages/3/3083456.jpg",
    "price": 4.4,
    "quantity": 0.5,
    "unitPrice": 8.8
  },
  {
    "name": "Mustard Oil",
    "url": "https://www.coles.com.au/product/maharajah's-choice-mustard-oil-500ml-7979746",
    "img": "https://productimages.coles.com.au/productimages/7/7979746.jpg",
    "price": 4.4,
    "quantity": 0.5,
    "unitPrice": 8.8
  },
  {
    "name": "Burrito Tortilla Wraps 10 pack",
    "url": "https://www.coles.com.au/product/coles-burrito-tortilla-wraps-10-pack-400g-2372301",
    "img": "https://productimages.coles.com.au/productimages/2/2372301.jpg",
    "price": 3.5,
    "quantity": 0.4,
    "unitPrice": 8.8
  },
  {
    "name": "Refried Pinto Beans",
    "url": "https://www.coles.com.au/product/la-costena-refried-pinto-beans-400g-2373472",
    "img": "https://productimages.coles.com.au/productimages/2/2373472.jpg",
    "price": 3.5,
    "quantity": 0.4,
    "unitPrice": 8.8
  },
  {
    "name": "Whole Black Beans",
    "url": "https://www.coles.com.au/product/la-costena-whole-black-beans-400g-2373483",
    "img": "https://productimages.coles.com.au/productimages/2/2373483.jpg",
    "price": 3.5,
    "quantity": 0.4,
    "unitPrice": 8.8
  },
  {
    "name": "Thai Style Salad Dressing",
    "url": "https://www.coles.com.au/product/mae-ploy-thai-style-salad-dressing-285ml-6073460",
    "img": "https://productimages.coles.com.au/productimages/6/6073460.jpg",
    "price": 2.5,
    "quantity": 0.285,
    "unitPrice": 8.8
  },
  {
    "name": "Mexican Mandarin Soda",
    "url": "https://www.coles.com.au/product/jarritos-mexican-mandarin-soda-370ml-3327700",
    "img": "https://productimages.coles.com.au/productimages/3/3327700.jpg",
    "price": 3.25,
    "quantity": 0.37,
    "unitPrice": 8.8
  },
  {
    "name": "Street Tacos",
    "url": "https://www.coles.com.au/product/mission-street-tacos-375g-3801301",
    "img": "https://productimages.coles.com.au/productimages/3/3801301.jpg",
    "price": 3.3,
    "quantity": 0.375,
    "unitPrice": 8.8
  },
  {
    "name": "Rose Water",
    "url": "https://www.coles.com.au/product/aoun-rose-water-500ml-3083456",
    "img": "https://productimages.coles.com.au/productimages/3/3083456.jpg",
    "price": 4.4,
    "quantity": 0.5,
    "unitPrice": 8.8
  },
  {
    "name": "Mustard Oil",
    "url": "https://www.coles.com.au/product/maharajah's-choice-mustard-oil-500ml-7979746",
    "img": "https://productimages.coles.com.au/productimages/7/7979746.jpg",
    "price": 4.4,
    "quantity": 0.5,
    "unitPrice": 8.8
  },
  {
    "name": "Hazelnut Smooth Spread",
    "url": "https://www.coles.com.au/product/coles-hazelnut-smooth-spread-400g-4390993",
    "img": "https://productimages.coles.com.au/productimages/4/4390993.jpg",
    "price": 3.5,
    "quantity": 0.4,
    "unitPrice": 8.8
  },
  {
    "name": "Medium Brown Microwave Rice Cups",
    "url": "https://www.coles.com.au/product/coles-medium-brown-microwave-rice-cups-250g-1074953",
    "img": "https://productimages.coles.com.au/productimages/1/1074953.jpg",
    "price": 2.2,
    "quantity": 0.25,
    "unitPrice": 8.8
  },
  {
    "name": "Microwave Basmati Rice Cup",
    "url": "https://www.coles.com.au/product/coles-microwave-basmati-rice-cup-250g-3234664",
    "img": "https://productimages.coles.com.au/productimages/3/3234664.jpg",
    "price": 2.2,
    "quantity": 0.25,
    "unitPrice": 8.8
  },
  {
    "name": "Recipe Base Mix Curried Sausage",
    "url": "https://www.coles.com.au/product/keens-recipe-base-mix-curried-sausage-285g-5221415",
    "img": "https://productimages.coles.com.au/productimages/5/5221415.jpg",
    "price": 2.5,
    "quantity": 0.285,
    "unitPrice": 8.8
  },
  {
    "name": "Honey Mustard Recipe Base",
    "url": "https://www.coles.com.au/product/keens-honey-mustard-recipe-base-285g-5221426",
    "img": "https://productimages.coles.com.au/productimages/5/5221426.jpg",
    "price": 2.5,
    "quantity": 0.285,
    "unitPrice": 8.8
  },
  {
    "name": "Coconut Lentil Curry Recipe Base",
    "url": "https://www.coles.com.au/product/keens-coconut-lentil-curry-recipe-base-285g-5221448",
    "img": "https://productimages.coles.com.au/productimages/5/5221448.jpg",
    "price": 2.5,
    "quantity": 0.285,
    "unitPrice": 8.8
  },
  {
    "name": "Carbonara Pasta Sauce",
    "url": "https://www.coles.com.au/product/dolmio-carbonara-pasta-sauce-490g-1274497",
    "img": "https://productimages.coles.com.au/productimages/1/1274497.jpg",
    "price": 4.3,
    "quantity": 0.49,
    "unitPrice": 8.8
  },
  {
    "name": "Carbonara Pasta Sauce",
    "url": "https://www.coles.com.au/product/leggo's-carbonara-pasta-sauce-490g-2683877",
    "img": "https://productimages.coles.com.au/productimages/2/2683877.jpg",
    "price": 4.3,
    "quantity": 0.49,
    "unitPrice": 8.8
  },
  {
    "name": "Alfredo Pasta Sauce",
    "url": "https://www.coles.com.au/product/leggo's-alfredo-pasta-sauce-490g-2683913",
    "img": "https://productimages.coles.com.au/productimages/2/2683913.jpg",
    "price": 4.3,
    "quantity": 0.49,
    "unitPrice": 8.8
  },
  {
    "name": "Tomato Garlic & Basil Pasta Sauce",
    "url": "https://www.coles.com.au/product/keep-it-cleaner-tomato-garlic-&-basil-pasta-sauce-500g-3406624",
    "img": "https://productimages.coles.com.au/productimages/3/3406624.jpg",
    "price": 4.4,
    "quantity": 0.5,
    "unitPrice": 8.8
  },
  {
    "name": "Primavera Pasta Sauce",
    "url": "https://www.coles.com.au/product/keep-it-cleaner-primavera-pasta-sauce-500g-3428015",
    "img": "https://productimages.coles.com.au/productimages/3/3428015.jpg",
    "price": 4.4,
    "quantity": 0.5,
    "unitPrice": 8.8
  },
  {
    "name": "Recipe Base Mix Curried Sausage",
    "url": "https://www.coles.com.au/product/keens-recipe-base-mix-curried-sausage-285g-5221415",
    "img": "https://productimages.coles.com.au/productimages/5/5221415.jpg",
    "price": 2.5,
    "quantity": 0.285,
    "unitPrice": 8.8
  },
  {
    "name": "Honey Mustard Recipe Base",
    "url": "https://www.coles.com.au/product/keens-honey-mustard-recipe-base-285g-5221426",
    "img": "https://productimages.coles.com.au/productimages/5/5221426.jpg",
    "price": 2.5,
    "quantity": 0.285,
    "unitPrice": 8.8
  },
  {
    "name": "Coconut Lentil Curry Recipe Base",
    "url": "https://www.coles.com.au/product/keens-coconut-lentil-curry-recipe-base-285g-5221448",
    "img": "https://productimages.coles.com.au/productimages/5/5221448.jpg",
    "price": 2.5,
    "quantity": 0.285,
    "unitPrice": 8.8
  },
  {
    "name": "Carbonara Pasta Sauce",
    "url": "https://www.coles.com.au/product/dolmio-carbonara-pasta-sauce-490g-1274497",
    "img": "https://productimages.coles.com.au/productimages/1/1274497.jpg",
    "price": 4.3,
    "quantity": 0.49,
    "unitPrice": 8.8
  },
  {
    "name": "Carbonara Pasta Sauce",
    "url": "https://www.coles.com.au/product/leggo's-carbonara-pasta-sauce-490g-2683877",
    "img": "https://productimages.coles.com.au/productimages/2/2683877.jpg",
    "price": 4.3,
    "quantity": 0.49,
    "unitPrice": 8.8
  },
  {
    "name": "Alfredo Pasta Sauce",
    "url": "https://www.coles.com.au/product/leggo's-alfredo-pasta-sauce-490g-2683913",
    "img": "https://productimages.coles.com.au/productimages/2/2683913.jpg",
    "price": 4.3,
    "quantity": 0.49,
    "unitPrice": 8.8
  },
  {
    "name": "Tomato Garlic & Basil Pasta Sauce",
    "url": "https://www.coles.com.au/product/keep-it-cleaner-tomato-garlic-&-basil-pasta-sauce-500g-3406624",
    "img": "https://productimages.coles.com.au/productimages/3/3406624.jpg",
    "price": 4.4,
    "quantity": 0.5,
    "unitPrice": 8.8
  },
  {
    "name": "Primavera Pasta Sauce",
    "url": "https://www.coles.com.au/product/keep-it-cleaner-primavera-pasta-sauce-500g-3428015",
    "img": "https://productimages.coles.com.au/productimages/3/3428015.jpg",
    "price": 4.4,
    "quantity": 0.5,
    "unitPrice": 8.8
  },
  {
    "name": "La Tosca Chilled Potato Gnocchi",
    "url": "https://www.woolworths.com.au/shop/productdetails/22500",
    "img": "https://cdn0.woolworths.media/content/wowproductimages/medium/022500.jpg",
    "price": 4.4,
    "quantity": 0.5,
    "unitPrice": 8.8
  },
  {
    "name": "Hart & Soul Chicken & Corn Soup Pouch",
    "url": "https://www.woolworths.com.au/shop/productdetails/438469",
    "img": "https://cdn0.woolworths.media/content/wowproductimages/medium/438469.jpg",
    "price": 3.5,
    "quantity": 0.4,
    "unitPrice": 8.8
  },
  {
    "name": "Hart & Soul Coconut Pumpkin Soup Pouch",
    "url": "https://www.woolworths.com.au/shop/productdetails/576390",
    "img": "https://cdn0.woolworths.media/content/wowproductimages/medium/576390.jpg",
    "price": 3.5,
    "quantity": 0.4,
    "unitPrice": 8.8
  },
  {
    "name": "Hart & Soul All Natural Cauliflower Cashew Soup",
    "url": "https://www.woolworths.com.au/shop/productdetails/676616",
    "img": "https://cdn0.woolworths.media/content/wowproductimages/medium/676616.jpg",
    "price": 3.5,
    "quantity": 0.4,
    "unitPrice": 8.8
  },
  {
    "name": "Hart & Soul Coconut & Lentil Soup",
    "url": "https://www.woolworths.com.au/shop/productdetails/438564",
    "img": "https://cdn0.woolworths.media/content/wowproductimages/medium/438564.jpg",
    "price": 3.5,
    "quantity": 0.4,
    "unitPrice": 8.8
  },
  {
    "name": "Hart & Soul Pho Konjac Soup Pouch",
    "url": "https://www.woolworths.com.au/shop/productdetails/438459",
    "img": "https://cdn0.woolworths.media/content/wowproductimages/medium/438459.jpg",
    "price": 3.5,
    "quantity": 0.4,
    "unitPrice": 8.8
  },
  {
    "name": "Hart & Soul Laksa Soup Pouch",
    "url": "https://www.woolworths.com.au/shop/productdetails/438465",
    "img": "https://cdn0.woolworths.media/content/wowproductimages/medium/438465.jpg",
    "price": 3.5,
    "quantity": 0.4,
    "unitPrice": 8.8
  },
  {
    "name": "Hart & Soul Creamy Pumkin & Cashew Soup",
    "url": "https://www.woolworths.com.au/shop/productdetails/271796",
    "img": "https://cdn0.woolworths.media/content/wowproductimages/medium/271796.jpg",
    "price": 3.5,
    "quantity": 0.4,
    "unitPrice": 8.8
  },
  {
    "name": "Hart & Soul Spiced Lentil Soup Pouch",
    "url": "https://www.woolworths.com.au/shop/productdetails/845179",
    "img": "https://cdn0.woolworths.media/content/wowproductimages/medium/845179.jpg",
    "price": 3.5,
    "quantity": 0.4,
    "unitPrice": 8.8
  },
  {
    "name": "Hart & Soul Hearty Pumpkin & Lentil Soup",
    "url": "https://www.woolworths.com.au/shop/productdetails/271225",
    "img": "https://cdn0.woolworths.media/content/wowproductimages/medium/271225.jpg",
    "price": 3.5,
    "quantity": 0.4,
    "unitPrice": 8.8
  },
  {
    "name": "Hart & Soul Potato & Leek With Miso Soup",
    "url": "https://www.woolworths.com.au/shop/productdetails/267191",
    "img": "https://cdn0.woolworths.media/content/wowproductimages/medium/267191.jpg",
    "price": 3.5,
    "quantity": 0.4,
    "unitPrice": 8.8
  },
  {
    "name": "Hart & Soul Creamy Chicken And Noodle Soup",
    "url": "https://www.woolworths.com.au/shop/productdetails/267219",
    "img": "https://cdn0.woolworths.media/content/wowproductimages/medium/267219.jpg",
    "price": 3.5,
    "quantity": 0.4,
    "unitPrice": 8.8
  },
  {
    "name": "Hart & Soul Creamy Butter Chicken Soup",
    "url": "https://www.woolworths.com.au/shop/productdetails/271224",
    "img": "https://cdn0.woolworths.media/content/wowproductimages/medium/271224.jpg",
    "price": 3.5,
    "quantity": 0.4,
    "unitPrice": 8.8
  },
  {
    "name": "Hart & Soul Country Chicken, Kale & Quinoa Soup",
    "url": "https://www.woolworths.com.au/shop/productdetails/271521",
    "img": "https://cdn0.woolworths.media/content/wowproductimages/medium/271521.jpg",
    "price": 3.5,
    "quantity": 0.4,
    "unitPrice": 8.8
  },
  {
    "name": "Woolworths Jam Sponge Roll",
    "url": "https://www.woolworths.com.au/shop/productdetails/86566",
    "img": "https://cdn0.woolworths.media/content/wowproductimages/medium/086566.jpg",
    "price": 3.5,
    "quantity": 0.4,
    "unitPrice": 8.8
  },
  {
    "name": "Jalna Biodynamic Whole Milk Yoghurt",
    "url": "https://www.woolworths.com.au/shop/productdetails/169222",
    "img": "https://cdn0.woolworths.media/content/wowproductimages/medium/169222.jpg",
    "price": 8.8,
    "quantity": 1,
    "unitPrice": 8.8
  },
  {
    "name": "Jalna Whole Milk Yoghurt Lactose Free Vanilla",
    "url": "https://www.woolworths.com.au/shop/productdetails/659425",
    "img": "https://cdn0.woolworths.media/content/wowproductimages/medium/659425.jpg",
    "price": 8.8,
    "quantity": 1,
    "unitPrice": 8.8
  },
  {
    "name": "Jalna Lactose Free Greek Yoghurt",
    "url": "https://www.woolworths.com.au/shop/productdetails/169823",
    "img": "https://cdn0.woolworths.media/content/wowproductimages/medium/169823.jpg",
    "price": 8.8,
    "quantity": 1,
    "unitPrice": 8.8
  },
  {
    "name": "Jalna Whole Milk Yoghurt Lactose Free Natural",
    "url": "https://www.woolworths.com.au/shop/productdetails/659436",
    "img": "https://cdn0.woolworths.media/content/wowproductimages/medium/659436.jpg",
    "price": 8.8,
    "quantity": 1,
    "unitPrice": 8.8
  },
  {
    "name": "Jalna Farm To Pot Organic Greek Yoghurt",
    "url": "https://www.woolworths.com.au/shop/productdetails/161084",
    "img": "https://cdn0.woolworths.media/content/wowproductimages/medium/161084.jpg",
    "price": 8.8,
    "quantity": 1,
    "unitPrice": 8.8
  },
  {
    "name": "Jalna Greek Natural Yoghurt Plus Prebiotics",
    "url": "https://www.woolworths.com.au/shop/productdetails/230871",
    "img": "https://cdn0.woolworths.media/content/wowproductimages/medium/230871.jpg",
    "price": 8.8,
    "quantity": 1,
    "unitPrice": 8.8
  },
  {
    "name": "Sanitarium Weet-bix Bites Crunchy Honey Breakfast Cereal",
    "url": "https://www.woolworths.com.au/shop/productdetails/319333",
    "img": "https://cdn0.woolworths.media/content/wowproductimages/medium/319333.jpg",
    "price": 4.5,
    "quantity": 0.51,
    "unitPrice": 8.8
  },
  {
    "name": "Kellogg's Sultana Bran High Fibre Breakfast Cereal Value Pack",
    "url": "https://www.woolworths.com.au/shop/productdetails/86462",
    "img": "https://cdn0.woolworths.media/content/wowproductimages/medium/086462.jpg",
    "price": 11,
    "quantity": 1.25,
    "unitPrice": 8.8
  },
  {
    "name": "Woolworths Great Start Reduced Sugar Multigrain Cereal",
    "url": "https://www.woolworths.com.au/shop/productdetails/858634",
    "img": "https://cdn0.woolworths.media/content/wowproductimages/medium/858634.jpg",
    "price": 3.5,
    "quantity": 0.4,
    "unitPrice": 8.8
  },
  {
    "name": "Woolworths Great Start Antioxidant Fruity Cereal",
    "url": "https://www.woolworths.com.au/shop/productdetails/858631",
    "img": "https://cdn0.woolworths.media/content/wowproductimages/medium/858631.jpg",
    "price": 3.5,
    "quantity": 0.4,
    "unitPrice": 8.8
  },
  {
    "name": "Woolworths Great Start Iron Cereal",
    "url": "https://www.woolworths.com.au/shop/productdetails/677966",
    "img": "https://cdn0.woolworths.media/content/wowproductimages/medium/677966.jpg",
    "price": 3.5,
    "quantity": 0.4,
    "unitPrice": 8.8
  },
  {
    "name": "Dolmio Creamy Carbonara Pasta Sauce",
    "url": "https://www.woolworths.com.au/shop/productdetails/758447",
    "img": "https://cdn0.woolworths.media/content/wowproductimages/medium/758447.jpg",
    "price": 4.3,
    "quantity": 0.49,
    "unitPrice": 8.8
  },
  {
    "name": "Mae Ploy Salad Dressing Thai Style",
    "url": "https://www.woolworths.com.au/shop/productdetails/275128",
    "img": "https://cdn0.woolworths.media/content/wowproductimages/medium/275128.jpg",
    "price": 2.5,
    "quantity": 0.285,
    "unitPrice": 8.8
  },
  {
    "name": "Green's Cupcake Vanilla Mix",
    "url": "https://www.woolworths.com.au/shop/productdetails/255149",
    "img": "https://cdn0.woolworths.media/content/wowproductimages/medium/255149.jpg",
    "price": 4.3,
    "quantity": 0.49,
    "unitPrice": 8.8
  },
  {
    "name": "Green's Pink Cupcakes Mix",
    "url": "https://www.woolworths.com.au/shop/productdetails/307799",
    "img": "https://cdn0.woolworths.media/content/wowproductimages/medium/307799.jpg",
    "price": 4.3,
    "quantity": 0.49,
    "unitPrice": 8.8
  },
  {
    "name": "Carnation Full Cream Evaporated Milk",
    "url": "https://www.coles.com.au/product/nestle-carnation-full-cream-evaporated-milk-340ml-3964496",
    "img": "https://productimages.coles.com.au/productimages/3/3964496.jpg",
    "price": 3,
    "quantity": 0.34,
    "unitPrice": 8.82
  },
  {
    "name": "Carnation Light & Creamy Evaporated Milk",
    "url": "https://www.coles.com.au/product/nestle-carnation-light-&-creamy-evaporated-milk-340ml-3964510",
    "img": "https://productimages.coles.com.au/productimages/3/3964510.jpg",
    "price": 3,
    "quantity": 0.34,
    "unitPrice": 8.82
  },
  {
    "name": "Nestle Carnation Creamy Evaporated Milk",
    "url": "https://www.woolworths.com.au/shop/productdetails/150443",
    "img": "https://cdn0.woolworths.media/content/wowproductimages/medium/150443.jpg",
    "price": 3,
    "quantity": 0.34,
    "unitPrice": 8.82
  },
  {
    "name": "Nestle Carnation Light & Creamy Evaporated Milk",
    "url": "https://www.woolworths.com.au/shop/productdetails/151917",
    "img": "https://cdn0.woolworths.media/content/wowproductimages/medium/151917.jpg",
    "price": 3,
    "quantity": 0.34,
    "unitPrice": 8.82
  },
  {
    "name": "Nestle Carnation Creamy Evaporated Milk",
    "url": "https://www.woolworths.com.au/shop/productdetails/150443",
    "img": "https://cdn0.woolworths.media/content/wowproductimages/medium/150443.jpg",
    "price": 3,
    "quantity": 0.34,
    "unitPrice": 8.82
  },
  {
    "name": "Nestle Carnation Light & Creamy Evaporated Milk",
    "url": "https://www.woolworths.com.au/shop/productdetails/151917",
    "img": "https://cdn0.woolworths.media/content/wowproductimages/medium/151917.jpg",
    "price": 3,
    "quantity": 0.34,
    "unitPrice": 8.82
  },
  {
    "name": "Australian Grown Sliced Beetroot",
    "url": "https://www.coles.com.au/product/edgell-australian-grown-sliced-beetroot-225g-131552",
    "img": "https://productimages.coles.com.au/productimages/1/131552.jpg",
    "price": 2,
    "quantity": 0.225,
    "unitPrice": 8.89
  },
  {
    "name": "Australian Grown Sliced Beetroot",
    "url": "https://www.coles.com.au/product/edgell-australian-grown-sliced-beetroot-225g-131552",
    "img": "https://productimages.coles.com.au/productimages/1/131552.jpg",
    "price": 2,
    "quantity": 0.225,
    "unitPrice": 8.89
  },
  {
    "name": "Edgell Australian Sliced Beetroot",
    "url": "https://www.woolworths.com.au/shop/productdetails/34929",
    "img": "https://cdn0.woolworths.media/content/wowproductimages/medium/034929.jpg",
    "price": 2,
    "quantity": 0.225,
    "unitPrice": 8.89
  },
  {
    "name": "Woolworths Prep Set Go Frozen Steamed Carrot Corn & Broccoli",
    "url": "https://www.woolworths.com.au/shop/productdetails/140499",
    "img": "https://cdn0.woolworths.media/content/wowproductimages/medium/140499.jpg",
    "price": 4,
    "quantity": 0.45,
    "unitPrice": 8.89
  },
  {
    "name": "Edgell Australian Sliced Beetroot",
    "url": "https://www.woolworths.com.au/shop/productdetails/34929",
    "img": "https://cdn0.woolworths.media/content/wowproductimages/medium/034929.jpg",
    "price": 2,
    "quantity": 0.225,
    "unitPrice": 8.89
  },
  {
    "name": "Pita Family White 5 pack",
    "url": "https://www.coles.com.au/product/meb-pita-family-white-5-pack-225g-6201876",
    "img": "https://productimages.coles.com.au/productimages/6/6201876.jpg",
    "price": 2,
    "quantity": 0.225,
    "unitPrice": 8.9
  },
  {
    "name": "Pita Family Wholemeal 5 pack",
    "url": "https://www.coles.com.au/product/meb-pita-family-wholemeal-5-pack-225g-6202143",
    "img": "https://productimages.coles.com.au/productimages/6/6202143.jpg",
    "price": 2,
    "quantity": 0.225,
    "unitPrice": 8.9
  },
  {
    "name": "Country Split White Bread",
    "url": "https://www.coles.com.au/product/buttercup-country-split-white-bread-450g-212790",
    "img": "https://productimages.coles.com.au/productimages/2/212790.jpg",
    "price": 4,
    "quantity": 0.45,
    "unitPrice": 8.9
  },
  {
    "name": "Thin & Crispy Pizza Base Large 12inch",
    "url": "https://www.coles.com.au/product/coles-thin-&-crispy-pizza-base-large-12inch-750g-1997166",
    "img": "https://productimages.coles.com.au/productimages/1/1997166.jpg",
    "price": 6.7,
    "quantity": 0.75,
    "unitPrice": 8.9
  },
  {
    "name": "Indian Aromatic Basmati Family Pack Microwavable Rice",
    "url": "https://www.coles.com.au/product/sunrice-indian-aromatic-basmati-family-pack-microwavable-rice-450g-6545762",
    "img": "https://productimages.coles.com.au/productimages/6/6545762.jpg",
    "price": 4,
    "quantity": 0.45,
    "unitPrice": 8.9
  },
  {
    "name": "Family Size Microwavable Brown Rice",
    "url": "https://www.coles.com.au/product/sunrice-family-size-microwavable-brown-rice-450g-6545773",
    "img": "https://productimages.coles.com.au/productimages/6/6545773.jpg",
    "price": 4,
    "quantity": 0.45,
    "unitPrice": 8.9
  },
  {
    "name": "Family Size Jasmine Rice",
    "url": "https://www.coles.com.au/product/sunrice-family-size-jasmine-rice-450g-7746704",
    "img": "https://productimages.coles.com.au/productimages/7/7746704.jpg",
    "price": 4,
    "quantity": 0.45,
    "unitPrice": 8.9
  },
  {
    "name": "Indian Aromatic Basmati Family Pack Microwavable Rice",
    "url": "https://www.coles.com.au/product/sunrice-indian-aromatic-basmati-family-pack-microwavable-rice-450g-6545762",
    "img": "https://productimages.coles.com.au/productimages/6/6545762.jpg",
    "price": 4,
    "quantity": 0.45,
    "unitPrice": 8.9
  },
  {
    "name": "Family Size Microwavable Brown Rice",
    "url": "https://www.coles.com.au/product/sunrice-family-size-microwavable-brown-rice-450g-6545773",
    "img": "https://productimages.coles.com.au/productimages/6/6545773.jpg",
    "price": 4,
    "quantity": 0.45,
    "unitPrice": 8.9
  },
  {
    "name": "Family Size Jasmine Rice",
    "url": "https://www.coles.com.au/product/sunrice-family-size-jasmine-rice-450g-7746704",
    "img": "https://productimages.coles.com.au/productimages/7/7746704.jpg",
    "price": 4,
    "quantity": 0.45,
    "unitPrice": 8.9
  },
  {
    "name": "Deep Fried Noodles",
    "url": "https://www.coles.com.au/product/dragon-&-phoenix-deep-fried-noodles-360g-5422869",
    "img": "https://productimages.coles.com.au/productimages/5/5422869.jpg",
    "price": 3.2,
    "quantity": 0.36,
    "unitPrice": 8.9
  },
  {
    "name": "Tomato Sauce",
    "url": "https://www.coles.com.au/product/wattie's-tomato-sauce-560g-2060615",
    "img": "https://productimages.coles.com.au/productimages/2/2060615.jpg",
    "price": 5,
    "quantity": 0.56,
    "unitPrice": 8.9
  },
  {
    "name": "Deep Fried Noodles",
    "url": "https://www.coles.com.au/product/dragon-&-phoenix-deep-fried-noodles-360g-5422869",
    "img": "https://productimages.coles.com.au/productimages/5/5422869.jpg",
    "price": 3.2,
    "quantity": 0.36,
    "unitPrice": 8.9
  },
  {
    "name": "Tomato Sauce",
    "url": "https://www.coles.com.au/product/wattie's-tomato-sauce-560g-2060615",
    "img": "https://productimages.coles.com.au/productimages/2/2060615.jpg",
    "price": 5,
    "quantity": 0.56,
    "unitPrice": 8.9
  },
  {
    "name": "Indian Aromatic Basmati Family Pack Microwavable Rice",
    "url": "https://www.coles.com.au/product/sunrice-indian-aromatic-basmati-family-pack-microwavable-rice-450g-6545762",
    "img": "https://productimages.coles.com.au/productimages/6/6545762.jpg",
    "price": 4,
    "quantity": 0.45,
    "unitPrice": 8.9
  },
  {
    "name": "Family Size Microwavable Brown Rice",
    "url": "https://www.coles.com.au/product/sunrice-family-size-microwavable-brown-rice-450g-6545773",
    "img": "https://productimages.coles.com.au/productimages/6/6545773.jpg",
    "price": 4,
    "quantity": 0.45,
    "unitPrice": 8.9
  },
  {
    "name": "Family Size Jasmine Rice",
    "url": "https://www.coles.com.au/product/sunrice-family-size-jasmine-rice-450g-7746704",
    "img": "https://productimages.coles.com.au/productimages/7/7746704.jpg",
    "price": 4,
    "quantity": 0.45,
    "unitPrice": 8.9
  },
  {
    "name": "Crunch Vanilla Ice Cream 8 pack",
    "url": "https://www.coles.com.au/product/bulla-crunch-vanilla-ice-cream-8-pack-631ml-4457187",
    "img": "https://productimages.coles.com.au/productimages/4/4457187.jpg",
    "price": 5.6,
    "quantity": 0.631,
    "unitPrice": 8.9
  },
  {
    "name": "Crunch Multi Flavoured Ice Cream Sticks 8 pack",
    "url": "https://www.coles.com.au/product/bulla-crunch-multi-flavoured-ice-cream-sticks-8-pack-631ml-5974719",
    "img": "https://productimages.coles.com.au/productimages/5/5974719.jpg",
    "price": 5.6,
    "quantity": 0.631,
    "unitPrice": 8.9
  },
  {
    "name": "Crunch Double Chocolate Ice Cream Sticks 8 pack",
    "url": "https://www.coles.com.au/product/bulla-crunch-double-chocolate-ice-cream-sticks-8-pack-631ml-5974741",
    "img": "https://productimages.coles.com.au/productimages/5/5974741.jpg",
    "price": 5.6,
    "quantity": 0.631,
    "unitPrice": 8.9
  },
  {
    "name": "Frozen Party Sausage Rolls 24 Pack",
    "url": "https://www.coles.com.au/product/coles-frozen-party-sausage-rolls-24-pack-900g-5216222",
    "img": "https://productimages.coles.com.au/productimages/5/5216222.jpg",
    "price": 8,
    "quantity": 0.9,
    "unitPrice": 8.9
  },
  {
    "name": "Open Range 12 Large Free Range Eggs",
    "url": "https://www.woolworths.com.au/shop/productdetails/117784",
    "img": "https://cdn0.woolworths.media/content/wowproductimages/medium/117784.jpg",
    "price": 6.2,
    "quantity": 0.7,
    "unitPrice": 8.9
  },
  {
    "name": "Liberty Eggs 18 Large Cage Free Eggs",
    "url": "https://www.woolworths.com.au/shop/productdetails/663362",
    "img": "https://cdn0.woolworths.media/content/wowproductimages/medium/663362.jpg",
    "price": 8.9,
    "quantity": 1,
    "unitPrice": 8.9
  },
  {
    "name": "Campbell's Chunky Soup Beef & Veg",
    "url": "https://www.woolworths.com.au/shop/productdetails/245573",
    "img": "https://cdn0.woolworths.media/content/wowproductimages/medium/245573.jpg",
    "price": 4.5,
    "quantity": 0.505,
    "unitPrice": 8.9
  },
  {
    "name": "Campbell's Chunky Soup Roast Chicken & Vegetable",
    "url": "https://www.woolworths.com.au/shop/productdetails/245581",
    "img": "https://cdn0.woolworths.media/content/wowproductimages/medium/245581.jpg",
    "price": 4.5,
    "quantity": 0.505,
    "unitPrice": 8.9
  },
  {
    "name": "Campbell's Country Ladle Soup Butternut Pumpkin",
    "url": "https://www.woolworths.com.au/shop/productdetails/45795",
    "img": "https://cdn0.woolworths.media/content/wowproductimages/medium/045795.jpg",
    "price": 4.5,
    "quantity": 0.505,
    "unitPrice": 8.9
  },
  {
    "name": "Campbell's Country Ladle Soup Chicken & Sweet Corn",
    "url": "https://www.woolworths.com.au/shop/productdetails/186164",
    "img": "https://cdn0.woolworths.media/content/wowproductimages/medium/186164.jpg",
    "price": 4.5,
    "quantity": 0.505,
    "unitPrice": 8.9
  },
  {
    "name": "Campbell's Chunky Soup Irish Stew Style",
    "url": "https://www.woolworths.com.au/shop/productdetails/247332",
    "img": "https://cdn0.woolworths.media/content/wowproductimages/medium/247332.jpg",
    "price": 4.5,
    "quantity": 0.505,
    "unitPrice": 8.9
  },
  {
    "name": "Campbell's Chunky Soup Potato & Bacon",
    "url": "https://www.woolworths.com.au/shop/productdetails/245580",
    "img": "https://cdn0.woolworths.media/content/wowproductimages/medium/245580.jpg",
    "price": 4.5,
    "quantity": 0.505,
    "unitPrice": 8.9
  },
  {
    "name": "Campbell's Soup Chunky Stockpot",
    "url": "https://www.woolworths.com.au/shop/productdetails/245579",
    "img": "https://cdn0.woolworths.media/content/wowproductimages/medium/245579.jpg",
    "price": 4.5,
    "quantity": 0.505,
    "unitPrice": 8.9
  },
  {
    "name": "Campbell's Chunky Soup Ham & Pea",
    "url": "https://www.woolworths.com.au/shop/productdetails/245575",
    "img": "https://cdn0.woolworths.media/content/wowproductimages/medium/245575.jpg",
    "price": 4.5,
    "quantity": 0.505,
    "unitPrice": 8.9
  },
  {
    "name": "Campbell's Country Ladle Soup Potato & Leek",
    "url": "https://www.woolworths.com.au/shop/productdetails/167572",
    "img": "https://cdn0.woolworths.media/content/wowproductimages/medium/167572.jpg",
    "price": 4.5,
    "quantity": 0.505,
    "unitPrice": 8.9
  },
  {
    "name": "Campbell's Chunky Chilli Beef",
    "url": "https://www.woolworths.com.au/shop/productdetails/277935",
    "img": "https://cdn0.woolworths.media/content/wowproductimages/medium/277935.jpg",
    "price": 4.5,
    "quantity": 0.505,
    "unitPrice": 8.9
  },
  {
    "name": "Sunrice Microwave Jasmine Rice Pouch Fragrant Jasmine Rice Family",
    "url": "https://www.woolworths.com.au/shop/productdetails/352039",
    "img": "https://cdn0.woolworths.media/content/wowproductimages/medium/352039.jpg",
    "price": 4,
    "quantity": 0.45,
    "unitPrice": 8.9
  },
  {
    "name": "Sunrice Microwave Basmati Rice Pouch Indian Aromatic Basmati Rice",
    "url": "https://www.woolworths.com.au/shop/productdetails/311469",
    "img": "https://cdn0.woolworths.media/content/wowproductimages/medium/311469.jpg",
    "price": 4,
    "quantity": 0.45,
    "unitPrice": 8.9
  },
  {
    "name": "Sunrice Microwave Brown Rice Pouch Fragrant Brown Rice Family Sz",
    "url": "https://www.woolworths.com.au/shop/productdetails/311461",
    "img": "https://cdn0.woolworths.media/content/wowproductimages/medium/311461.jpg",
    "price": 4,
    "quantity": 0.45,
    "unitPrice": 8.9
  },
  {
    "name": "Sunrice Microwave Long Grain White Rice Pouch",
    "url": "https://www.woolworths.com.au/shop/productdetails/311466",
    "img": "https://cdn0.woolworths.media/content/wowproductimages/medium/311466.jpg",
    "price": 4,
    "quantity": 0.45,
    "unitPrice": 8.9
  },
  {
    "name": "Sunrice Microwave  Brown Rice & Quinoa Pouch",
    "url": "https://www.woolworths.com.au/shop/productdetails/137595",
    "img": "https://cdn0.woolworths.media/content/wowproductimages/medium/137595.jpg",
    "price": 4,
    "quantity": 0.45,
    "unitPrice": 8.9
  },
  {
    "name": "Kan Tong Butter Chicken Cooking Sauce",
    "url": "https://www.woolworths.com.au/shop/productdetails/758325",
    "img": "https://cdn0.woolworths.media/content/wowproductimages/medium/758325.jpg",
    "price": 4.3,
    "quantity": 0.485,
    "unitPrice": 8.9
  },
  {
    "name": "White Wings Brownie Mix Double Chocolate Fudge",
    "url": "https://www.woolworths.com.au/shop/productdetails/254587",
    "img": "https://cdn0.woolworths.media/content/wowproductimages/medium/254587.jpg",
    "price": 5,
    "quantity": 0.56,
    "unitPrice": 8.9
  },
  {
    "name": "Verity Prunes Large",
    "url": "https://www.woolworths.com.au/shop/productdetails/91837",
    "img": "https://cdn0.woolworths.media/content/wowproductimages/medium/091837.jpg",
    "price": 6.7,
    "quantity": 0.75,
    "unitPrice": 8.93
  },
  {
    "name": "Oregon Whole Purple Plums In Syrup",
    "url": "https://www.coles.com.au/product/coles-oregon-whole-purple-plums-in-syrup-425g-4226967",
    "img": "https://productimages.coles.com.au/productimages/4/4226967.jpg",
    "price": 3.8,
    "quantity": 0.425,
    "unitPrice": 8.94
  },
  {
    "name": "Black Pitted Cherries In Syrup",
    "url": "https://www.coles.com.au/product/coles-black-pitted-cherries-in-syrup-425g-5357723",
    "img": "https://productimages.coles.com.au/productimages/5/5357723.jpg",
    "price": 3.8,
    "quantity": 0.425,
    "unitPrice": 8.94
  },
  {
    "name": "Mixed Berries In Syrup",
    "url": "https://www.coles.com.au/product/coles-mixed-berries-in-syrup-425g-6608454",
    "img": "https://productimages.coles.com.au/productimages/6/6608454.jpg",
    "price": 3.8,
    "quantity": 0.425,
    "unitPrice": 8.94
  },
  {
    "name": "Oregon Whole Purple Plums In Syrup",
    "url": "https://www.coles.com.au/product/coles-oregon-whole-purple-plums-in-syrup-425g-4226967",
    "img": "https://productimages.coles.com.au/productimages/4/4226967.jpg",
    "price": 3.8,
    "quantity": 0.425,
    "unitPrice": 8.94
  },
  {
    "name": "Black Pitted Cherries In Syrup",
    "url": "https://www.coles.com.au/product/coles-black-pitted-cherries-in-syrup-425g-5357723",
    "img": "https://productimages.coles.com.au/productimages/5/5357723.jpg",
    "price": 3.8,
    "quantity": 0.425,
    "unitPrice": 8.94
  },
  {
    "name": "Mixed Berries In Syrup",
    "url": "https://www.coles.com.au/product/coles-mixed-berries-in-syrup-425g-6608454",
    "img": "https://productimages.coles.com.au/productimages/6/6608454.jpg",
    "price": 3.8,
    "quantity": 0.425,
    "unitPrice": 8.94
  },
  {
    "name": "Sunnyvale Cholesterol Spread",
    "url": "https://www.aldi.com.au/en/groceries/fresh-produce/dairy-eggs/dairy-eggs-detail/ps/p/sunnyvale-cholesterol-spread-500g/",
    "img": "https://www.aldi.com.au/fileadmin/_processed_/c/2/csm_1000855_ALN-10_1x1_Q1_WEB-AUDIT_228x128_42_55ffc04f12.jpg",
    "price": 4.49,
    "quantity": 0.5,
    "unitPrice": 9
  },
  {
    "name": "Kitchen Australian Diced Butternut Pumpkin",
    "url": "https://www.coles.com.au/product/coles-kitchen-australian-diced-butternut-pumpkin-500g-2859066",
    "img": "https://productimages.coles.com.au/productimages/2/2859066.jpg",
    "price": 4.5,
    "quantity": 0.5,
    "unitPrice": 9
  },
  {
    "name": "Asian Long Melon",
    "url": "https://www.coles.com.au/product/coles-asian-long-melon-approx.-1kg-each-6630216",
    "img": "https://productimages.coles.com.au/productimages/6/6630216.jpg",
    "price": 9,
    "quantity": 1,
    "unitPrice": 9
  },
  {
    "name": "Spinach & Garden Herb Wraps 7 pack",
    "url": "https://www.coles.com.au/product/helga's-spinach-&-garden-herb-wraps-7-pack-445g-4461923",
    "img": "https://productimages.coles.com.au/productimages/4/4461923.jpg",
    "price": 4,
    "quantity": 0.445,
    "unitPrice": 9
  },
  {
    "name": "Sweet Potato Wrap",
    "url": "https://www.coles.com.au/product/helga's-sweet-potato-wrap-445g-5862883",
    "img": "https://productimages.coles.com.au/productimages/5/5862883.jpg",
    "price": 4,
    "quantity": 0.445,
    "unitPrice": 9
  },
  {
    "name": "Gluten Free Prepared White Icing Mix",
    "url": "https://www.coles.com.au/product/orchard-gluten-free-prepared-white-icing-mix-500g-120239",
    "img": "https://productimages.coles.com.au/productimages/1/120239.jpg",
    "price": 4.5,
    "quantity": 0.5,
    "unitPrice": 9
  },
  {
    "name": "Australian Sultana",
    "url": "https://www.coles.com.au/product/sunbeam-australian-sultana-1kg-177892",
    "img": "https://productimages.coles.com.au/productimages/1/177892.jpg",
    "price": 9,
    "quantity": 1,
    "unitPrice": 9
  },
  {
    "name": "Dried Fancy Prunes",
    "url": "https://www.coles.com.au/product/angas-park-dried-fancy-prunes-1kg-314348",
    "img": "https://productimages.coles.com.au/productimages/3/314348.jpg",
    "price": 9,
    "quantity": 1,
    "unitPrice": 9
  },
  {
    "name": "Chicken Noodle Soup",
    "url": "https://www.coles.com.au/product/coles-chicken-noodle-soup-50g-8880269",
    "img": "https://productimages.coles.com.au/productimages/8/8880269.jpg",
    "price": 0.45,
    "quantity": 0.05,
    "unitPrice": 9
  },
  {
    "name": "Chicken Noodle Soup",
    "url": "https://www.coles.com.au/product/coles-chicken-noodle-soup-50g-8880269",
    "img": "https://productimages.coles.com.au/productimages/8/8880269.jpg",
    "price": 0.45,
    "quantity": 0.05,
    "unitPrice": 9
  },
  {
    "name": "Australian Original Bread Crumb",
    "url": "https://www.coles.com.au/product/coles-australian-original-bread-crumb-220g-4324897",
    "img": "https://productimages.coles.com.au/productimages/4/4324897.jpg",
    "price": 2,
    "quantity": 0.22,
    "unitPrice": 9
  },
  {
    "name": "Chicken Abalone Flavour Noodles 5 Pack",
    "url": "https://www.coles.com.au/product/myojo-chicken-abalone-flavour-noodles-5-pack-395g-1384837",
    "img": "https://productimages.coles.com.au/productimages/1/1384837.jpg",
    "price": 3.55,
    "quantity": 0.395,
    "unitPrice": 9
  },
  {
    "name": "Premium Rusks",
    "url": "https://www.coles.com.au/product/parle-premium-rusks-200g-3322251",
    "img": "https://productimages.coles.com.au/productimages/3/3322251.jpg",
    "price": 1.8,
    "quantity": 0.2,
    "unitPrice": 9
  },
  {
    "name": "Milk Drink 4X125mL",
    "url": "https://www.coles.com.au/product/hot-kid-milk-drink-4x125ml-500ml-4476181",
    "img": "https://productimages.coles.com.au/productimages/4/4476181.jpg",
    "price": 4.5,
    "quantity": 0.5,
    "unitPrice": 9
  },
  {
    "name": "Asia Sweet Chilli Sauce",
    "url": "https://www.coles.com.au/product/coles-asia-sweet-chilli-sauce-310ml-5015978",
    "img": "https://productimages.coles.com.au/productimages/5/5015978.jpg",
    "price": 2.8,
    "quantity": 0.31,
    "unitPrice": 9
  },
  {
    "name": "Chicken Abalone Flavour Noodles 5 Pack",
    "url": "https://www.coles.com.au/product/myojo-chicken-abalone-flavour-noodles-5-pack-395g-1384837",
    "img": "https://productimages.coles.com.au/productimages/1/1384837.jpg",
    "price": 3.55,
    "quantity": 0.395,
    "unitPrice": 9
  },
  {
    "name": "Premium Rusks",
    "url": "https://www.coles.com.au/product/parle-premium-rusks-200g-3322251",
    "img": "https://productimages.coles.com.au/productimages/3/3322251.jpg",
    "price": 1.8,
    "quantity": 0.2,
    "unitPrice": 9
  },
  {
    "name": "Milk Drink 4X125mL",
    "url": "https://www.coles.com.au/product/hot-kid-milk-drink-4x125ml-500ml-4476181",
    "img": "https://productimages.coles.com.au/productimages/4/4476181.jpg",
    "price": 4.5,
    "quantity": 0.5,
    "unitPrice": 9
  },
  {
    "name": "Asia Sweet Chilli Sauce",
    "url": "https://www.coles.com.au/product/coles-asia-sweet-chilli-sauce-310ml-5015978",
    "img": "https://productimages.coles.com.au/productimages/5/5015978.jpg",
    "price": 2.8,
    "quantity": 0.31,
    "unitPrice": 9
  },
  {
    "name": "Canola Oil",
    "url": "https://www.coles.com.au/product/gold-sunset-canola-oil-4l-3234008",
    "img": "https://productimages.coles.com.au/productimages/3/3234008.jpg",
    "price": 36,
    "quantity": 4,
    "unitPrice": 9
  },
  {
    "name": "Vegetable Oil",
    "url": "https://www.coles.com.au/product/gold-sunset-vegetable-oil-4l-3234030",
    "img": "https://productimages.coles.com.au/productimages/3/3234030.jpg",
    "price": 36,
    "quantity": 4,
    "unitPrice": 9
  },
  {
    "name": "Sweet Chilli Sauce",
    "url": "https://www.coles.com.au/product/masterfoods-sweet-chilli-sauce-500ml-8592264",
    "img": "https://productimages.coles.com.au/productimages/8/8592264.jpg",
    "price": 4.5,
    "quantity": 0.5,
    "unitPrice": 9
  },
  {
    "name": "Sweet Chilli Sauce",
    "url": "https://www.coles.com.au/product/masterfoods-sweet-chilli-sauce-500ml-8592264",
    "img": "https://productimages.coles.com.au/productimages/8/8592264.jpg",
    "price": 4.5,
    "quantity": 0.5,
    "unitPrice": 9
  },
  {
    "name": "Frozen Stir Fry Thai Vegetables",
    "url": "https://www.coles.com.au/product/birds-eye-frozen-stir-fry-thai-vegetables-500g-6879123",
    "img": "https://productimages.coles.com.au/productimages/6/6879123.jpg",
    "price": 4.5,
    "quantity": 0.5,
    "unitPrice": 9
  },
  {
    "name": "Frozen Malaysian Vegetables Stir Fry",
    "url": "https://www.coles.com.au/product/birds-eye-frozen-malaysian-vegetables-stir-fry-500g-6879134",
    "img": "https://productimages.coles.com.au/productimages/6/6879134.jpg",
    "price": 4.5,
    "quantity": 0.5,
    "unitPrice": 9
  },
  {
    "name": "Frozen Shanghai Stir Fry",
    "url": "https://www.coles.com.au/product/birds-eye-frozen-shanghai-stir-fry-500g-9730385",
    "img": "https://productimages.coles.com.au/productimages/9/9730385.jpg",
    "price": 4.5,
    "quantity": 0.5,
    "unitPrice": 9
  },
  {
    "name": "Snap Frozen Broccoli Florets",
    "url": "https://www.coles.com.au/product/birds-eye-snap-frozen-broccoli-florets-500g-9738729",
    "img": "https://productimages.coles.com.au/productimages/9/9738729.jpg",
    "price": 4.5,
    "quantity": 0.5,
    "unitPrice": 9
  },
  {
    "name": "Milk Chocolate Ice Cream",
    "url": "https://www.coles.com.au/product/hersheys-milk-chocolate-ice-cream-1l-4455115",
    "img": "https://productimages.coles.com.au/productimages/4/4455115.jpg",
    "price": 9,
    "quantity": 1,
    "unitPrice": 9
  },
  {
    "name": "Chocolate Caramel",
    "url": "https://www.coles.com.au/product/hershey's-chocolate-caramel-1l-4457198",
    "img": "https://productimages.coles.com.au/productimages/4/4457198.jpg",
    "price": 9,
    "quantity": 1,
    "unitPrice": 9
  },
  {
    "name": "Tropical 10 Pack",
    "url": "https://www.coles.com.au/product/juicies-tropical-10-pack-1l-5489247",
    "img": "https://productimages.coles.com.au/productimages/5/5489247.jpg",
    "price": 9,
    "quantity": 1,
    "unitPrice": 9
  },
  {
    "name": "Lemonade 10 Pack",
    "url": "https://www.coles.com.au/product/juicies-lemonade-10-pack-1l-5489270",
    "img": "https://productimages.coles.com.au/productimages/5/5489270.jpg",
    "price": 9,
    "quantity": 1,
    "unitPrice": 9
  },
  {
    "name": "Ice Cream Chocolate/Strawberry",
    "url": "https://www.coles.com.au/product/hershey's-ice-cream-chocolate/strawberry-1l-6282084",
    "img": "https://productimages.coles.com.au/productimages/6/6282084.jpg",
    "price": 9,
    "quantity": 1,
    "unitPrice": 9
  },
  {
    "name": "RSPCA Approved Free Range Chicken Wing Nibbles",
    "url": "https://www.coles.com.au/product/coles-rspca-approved-free-range-chicken-wing-nibbles-approx.-600g-3228832",
    "img": "https://productimages.coles.com.au/productimages/3/3228832.jpg",
    "price": 5.4,
    "quantity": 0.6,
    "unitPrice": 9
  },
  {
    "name": "RSPCA Approved Chicken Wings Honey & Soy",
    "url": "https://www.coles.com.au/product/coles-rspca-approved-chicken-wings-honey-&-soy-1kg-1001461",
    "img": "https://productimages.coles.com.au/productimages/1/1001461.jpg",
    "price": 9,
    "quantity": 1,
    "unitPrice": 9
  },
  {
    "name": "RSPCA Approved Chicken Livers",
    "url": "https://www.coles.com.au/product/coles-rspca-approved-chicken-livers-approx.-600g-1718058",
    "img": "https://productimages.coles.com.au/productimages/1/1718058.jpg",
    "price": 5.4,
    "quantity": 0.6,
    "unitPrice": 9
  },
  {
    "name": "RSPCA Approved Chicken Wings Honey & Soy",
    "url": "https://www.coles.com.au/product/coles-rspca-approved-chicken-wings-honey-&-soy-1kg-1001461",
    "img": "https://productimages.coles.com.au/productimages/1/1001461.jpg",
    "price": 9,
    "quantity": 1,
    "unitPrice": 9
  },
  {
    "name": "RSPCA Approved Chicken Livers",
    "url": "https://www.coles.com.au/product/coles-rspca-approved-chicken-livers-approx.-600g-1718058",
    "img": "https://productimages.coles.com.au/productimages/1/1718058.jpg",
    "price": 5.4,
    "quantity": 0.6,
    "unitPrice": 9
  },
  {
    "name": "Nuttelex Buttery",
    "url": "https://www.woolworths.com.au/shop/productdetails/85577",
    "img": "https://cdn0.woolworths.media/content/wowproductimages/medium/085577.jpg",
    "price": 9,
    "quantity": 1,
    "unitPrice": 9
  },
  {
    "name": "Supafry Solid Oil",
    "url": "https://www.woolworths.com.au/shop/productdetails/48023",
    "img": "https://cdn0.woolworths.media/content/wowproductimages/medium/048023.jpg",
    "price": 4.5,
    "quantity": 0.5,
    "unitPrice": 9
  },
  {
    "name": "Moro Balsamic Vinegar Of Modena",
    "url": "https://www.woolworths.com.au/shop/productdetails/35467",
    "img": "https://cdn0.woolworths.media/content/wowproductimages/medium/035467.jpg",
    "price": 4.5,
    "quantity": 0.5,
    "unitPrice": 9
  },
  {
    "name": "Farmers Harvest Sunflower Oil",
    "url": "https://www.woolworths.com.au/shop/productdetails/135573",
    "img": "https://cdn0.woolworths.media/content/wowproductimages/medium/135573.jpg",
    "price": 36,
    "quantity": 4,
    "unitPrice": 9
  },
  {
    "name": "Alfa One Rice Bran Oil",
    "url": "https://www.woolworths.com.au/shop/productdetails/293543",
    "img": "https://cdn0.woolworths.media/content/wowproductimages/medium/293543.jpg",
    "price": 9,
    "quantity": 1,
    "unitPrice": 9
  },
  {
    "name": "Farmers Harvest Canola Oil",
    "url": "https://www.woolworths.com.au/shop/productdetails/136022",
    "img": "https://cdn0.woolworths.media/content/wowproductimages/medium/136022.jpg",
    "price": 36,
    "quantity": 4,
    "unitPrice": 9
  },
  {
    "name": "Farmers Harvest Vegetable Oil",
    "url": "https://www.woolworths.com.au/shop/productdetails/135496",
    "img": "https://cdn0.woolworths.media/content/wowproductimages/medium/135496.jpg",
    "price": 36,
    "quantity": 4,
    "unitPrice": 9
  },
  {
    "name": "Woolworths Surimi Mix",
    "url": "https://www.woolworths.com.au/shop/productdetails/690880",
    "img": "https://cdn0.woolworths.media/content/wowproductimages/medium/690880.jpg",
    "price": 9,
    "quantity": 1,
    "unitPrice": 9
  },
  {
    "name": "Campbell's Country Ladle Soup Hearty Beef & Vegetable",
    "url": "https://www.woolworths.com.au/shop/productdetails/144709",
    "img": "https://cdn0.woolworths.media/content/wowproductimages/medium/144709.jpg",
    "price": 4.5,
    "quantity": 0.5,
    "unitPrice": 9
  },
  {
    "name": "Campbell's Country Ladle Soup Creamy Chicken",
    "url": "https://www.woolworths.com.au/shop/productdetails/204677",
    "img": "https://cdn0.woolworths.media/content/wowproductimages/medium/204677.jpg",
    "price": 4.5,
    "quantity": 0.5,
    "unitPrice": 9
  },
  {
    "name": "Campbell's Country Ladle Soup Chicken Noodle",
    "url": "https://www.woolworths.com.au/shop/productdetails/370259",
    "img": "https://cdn0.woolworths.media/content/wowproductimages/medium/370259.jpg",
    "price": 4.5,
    "quantity": 0.5,
    "unitPrice": 9
  },
  {
    "name": "Campbell's Country Ladle Soup Garden Vegetable & Wholegrain Barley",
    "url": "https://www.woolworths.com.au/shop/productdetails/320499",
    "img": "https://cdn0.woolworths.media/content/wowproductimages/medium/320499.jpg",
    "price": 4.5,
    "quantity": 0.5,
    "unitPrice": 9
  },
  {
    "name": "Campbell's Country Ladle Soup Rich & Creamy Pumpkin",
    "url": "https://www.woolworths.com.au/shop/productdetails/370260",
    "img": "https://cdn0.woolworths.media/content/wowproductimages/medium/370260.jpg",
    "price": 4.5,
    "quantity": 0.5,
    "unitPrice": 9
  },
  {
    "name": "Campbell's Country Ladle Soup Pea & Ham",
    "url": "https://www.woolworths.com.au/shop/productdetails/99542",
    "img": "https://cdn0.woolworths.media/content/wowproductimages/medium/099542.jpg",
    "price": 4.5,
    "quantity": 0.5,
    "unitPrice": 9
  },
  {
    "name": "Woolworths Sweet Potato Mini Gold Prepacked",
    "url": "https://www.woolworths.com.au/shop/productdetails/840769",
    "img": "https://cdn0.woolworths.media/content/wowproductimages/medium/840769.jpg",
    "price": 2.7,
    "quantity": 0.3,
    "unitPrice": 9
  },
  {
    "name": "Aeroplane Jelly Mango Flavoured Milk",
    "url": "https://www.woolworths.com.au/shop/productdetails/265689",
    "img": "https://cdn0.woolworths.media/content/wowproductimages/medium/265689.jpg",
    "price": 4.5,
    "quantity": 0.5,
    "unitPrice": 9
  },
  {
    "name": "Aeroplane Jelly Raspberry Flavoured Milk",
    "url": "https://www.woolworths.com.au/shop/productdetails/266672",
    "img": "https://cdn0.woolworths.media/content/wowproductimages/medium/266672.jpg",
    "price": 4.5,
    "quantity": 0.5,
    "unitPrice": 9
  },
  {
    "name": "Aeroplane Jelly Lemon Flavoured Milk",
    "url": "https://www.woolworths.com.au/shop/productdetails/265067",
    "img": "https://cdn0.woolworths.media/content/wowproductimages/medium/265067.jpg",
    "price": 4.5,
    "quantity": 0.5,
    "unitPrice": 9
  },
  {
    "name": "Gippsland Dairy Twist Yoghurt Passionfruit",
    "url": "https://www.woolworths.com.au/shop/productdetails/267305",
    "img": "https://cdn0.woolworths.media/content/wowproductimages/medium/267305.jpg",
    "price": 6.3,
    "quantity": 0.7,
    "unitPrice": 9
  },
  {
    "name": "Gippsland Dairy Twist Yoghurt Smooth & Creamy",
    "url": "https://www.woolworths.com.au/shop/productdetails/275780",
    "img": "https://cdn0.woolworths.media/content/wowproductimages/medium/275780.jpg",
    "price": 6.3,
    "quantity": 0.7,
    "unitPrice": 9
  },
  {
    "name": "Gippsland Dairy Twist Yoghurt Boysenberry",
    "url": "https://www.woolworths.com.au/shop/productdetails/266971",
    "img": "https://cdn0.woolworths.media/content/wowproductimages/medium/266971.jpg",
    "price": 6.3,
    "quantity": 0.7,
    "unitPrice": 9
  },
  {
    "name": "Gippsland Dairy Twist Yoghurt Blueberry",
    "url": "https://www.woolworths.com.au/shop/productdetails/266707",
    "img": "https://cdn0.woolworths.media/content/wowproductimages/medium/266707.jpg",
    "price": 6.3,
    "quantity": 0.7,
    "unitPrice": 9
  },
  {
    "name": "Gippsland Dairy Twist Yoghurt Mango & Blood Orange",
    "url": "https://www.woolworths.com.au/shop/productdetails/267245",
    "img": "https://cdn0.woolworths.media/content/wowproductimages/medium/267245.jpg",
    "price": 6.3,
    "quantity": 0.7,
    "unitPrice": 9
  },
  {
    "name": "Gippsland Dairy Twist Yoghurt Strawberries & Cream",
    "url": "https://www.woolworths.com.au/shop/productdetails/265549",
    "img": "https://cdn0.woolworths.media/content/wowproductimages/medium/265549.jpg",
    "price": 6.3,
    "quantity": 0.7,
    "unitPrice": 9
  },
  {
    "name": "Gippsland Dairy Twist Yoghurt Toffee & Honeycomb",
    "url": "https://www.woolworths.com.au/shop/productdetails/264660",
    "img": "https://cdn0.woolworths.media/content/wowproductimages/medium/264660.jpg",
    "price": 6.3,
    "quantity": 0.7,
    "unitPrice": 9
  },
  {
    "name": "Gippsland Dairy Twist Yoghurt Mixed Berry",
    "url": "https://www.woolworths.com.au/shop/productdetails/267553",
    "img": "https://cdn0.woolworths.media/content/wowproductimages/medium/267553.jpg",
    "price": 6.3,
    "quantity": 0.7,
    "unitPrice": 9
  },
  {
    "name": "Tamar Valley Dairy Greek Style Yoghurt",
    "url": "https://www.woolworths.com.au/shop/productdetails/922679",
    "img": "https://cdn0.woolworths.media/content/wowproductimages/medium/922679.jpg",
    "price": 4.5,
    "quantity": 0.5,
    "unitPrice": 9
  },
  {
    "name": "Virgen de la Esperanza Arroz Calasparra Spanish Calasparra Rice 1kg",
    "url": "https://www.woolworths.com.au/shop/productdetails/1074415896",
    "img": "https://cdn0.woolworths.media/content/wowproductimages/medium/1074415896.jpg",
    "price": 9,
    "quantity": 1,
    "unitPrice": 9
  },
  {
    "name": "Woolworths Lamb Offcut 4-6 Pieces",
    "url": "https://www.woolworths.com.au/shop/productdetails/765012",
    "img": "https://cdn0.woolworths.media/content/wowproductimages/medium/765012.jpg",
    "price": 10.8,
    "quantity": 1.2,
    "unitPrice": 9
  },
  {
    "name": "Lamb Offal Hearts",
    "url": "https://www.woolworths.com.au/shop/productdetails/221145",
    "img": "https://cdn0.woolworths.media/content/wowproductimages/medium/221145.jpg",
    "price": 6.3,
    "quantity": 0.7,
    "unitPrice": 9
  },
  {
    "name": "Nestle Cini Minis Churros",
    "url": "https://www.woolworths.com.au/shop/productdetails/147874",
    "img": "https://cdn0.woolworths.media/content/wowproductimages/medium/147874.jpg",
    "price": 3.25,
    "quantity": 0.36,
    "unitPrice": 9
  },
  {
    "name": "Sanitarium Weet-bix Bites Wild Berry Breakfast Cereal",
    "url": "https://www.woolworths.com.au/shop/productdetails/319428",
    "img": "https://cdn0.woolworths.media/content/wowproductimages/medium/319428.jpg",
    "price": 4.5,
    "quantity": 0.5,
    "unitPrice": 9
  },
  {
    "name": "Uncle Tobys Oats Traditional Rolled Oats Porridge",
    "url": "https://www.woolworths.com.au/shop/productdetails/37678",
    "img": "https://cdn0.woolworths.media/content/wowproductimages/medium/037678.jpg",
    "price": 4.5,
    "quantity": 0.5,
    "unitPrice": 9
  },
  {
    "name": "Uncle Tobys Natural Style Swiss Blend Muesli Breakfast Cereal",
    "url": "https://www.woolworths.com.au/shop/productdetails/36370",
    "img": "https://cdn0.woolworths.media/content/wowproductimages/medium/036370.jpg",
    "price": 9,
    "quantity": 1,
    "unitPrice": 9
  },
  {
    "name": "Uncle Tobys Oats Quick Oats Porridge Porridge",
    "url": "https://www.woolworths.com.au/shop/productdetails/31129",
    "img": "https://cdn0.woolworths.media/content/wowproductimages/medium/031129.jpg",
    "price": 4.5,
    "quantity": 0.5,
    "unitPrice": 9
  },
  {
    "name": "Woolworths Cocoa Puffs",
    "url": "https://www.woolworths.com.au/shop/productdetails/87919",
    "img": "https://cdn0.woolworths.media/content/wowproductimages/medium/087919.jpg",
    "price": 4.5,
    "quantity": 0.5,
    "unitPrice": 9
  },
  {
    "name": "Csr Golden Syrup Squeeze",
    "url": "https://www.woolworths.com.au/shop/productdetails/92491",
    "img": "https://cdn0.woolworths.media/content/wowproductimages/medium/092491.jpg",
    "price": 4.5,
    "quantity": 0.5,
    "unitPrice": 9
  },
  {
    "name": "Sunbeam Sultanas",
    "url": "https://www.woolworths.com.au/shop/productdetails/661325",
    "img": "https://cdn0.woolworths.media/content/wowproductimages/medium/661325.jpg",
    "price": 9,
    "quantity": 1,
    "unitPrice": 9
  },
  {
    "name": "Macro Organic Tapioca Flour Butter Crunch",
    "url": "https://www.woolworths.com.au/shop/productdetails/180263",
    "img": "https://cdn0.woolworths.media/content/wowproductimages/medium/180263.jpg",
    "price": 4.5,
    "quantity": 0.5,
    "unitPrice": 9
  },
  {
    "name": "Angas Park Prunes Large",
    "url": "https://www.woolworths.com.au/shop/productdetails/39152",
    "img": "https://cdn0.woolworths.media/content/wowproductimages/medium/039152.jpg",
    "price": 9,
    "quantity": 1,
    "unitPrice": 9
  },
  {
    "name": "Spaghetti Alphagetti Pasta in sauce",
    "url": "https://www.coles.com.au/product/heinz-spaghetti-alphagetti-pasta-in-sauce-220g-118248",
    "img": "https://productimages.coles.com.au/productimages/1/118248.jpg",
    "price": 2,
    "quantity": 0.22,
    "unitPrice": 9.09
  },
  {
    "name": "Canned Spaghetti Tomato Sauce",
    "url": "https://www.coles.com.au/product/heinz-canned-spaghetti-tomato-sauce-220g-126304",
    "img": "https://productimages.coles.com.au/productimages/1/126304.jpg",
    "price": 2,
    "quantity": 0.22,
    "unitPrice": 9.09
  },
  {
    "name": "Canned Baked Beans Tomato Sauce",
    "url": "https://www.coles.com.au/product/heinz-canned-baked-beans-tomato-sauce-220g-126439",
    "img": "https://productimages.coles.com.au/productimages/1/126439.jpg",
    "price": 2,
    "quantity": 0.22,
    "unitPrice": 9.09
  },
  {
    "name": "Baked Beans Regular Salt Reduced Beans",
    "url": "https://www.coles.com.au/product/heinz-baked-beans-regular-salt-reduced-beans-220g-5239421",
    "img": "https://productimages.coles.com.au/productimages/5/5239421.jpg",
    "price": 2,
    "quantity": 0.22,
    "unitPrice": 9.09
  },
  {
    "name": "Spaghetti Alphagetti Pasta in sauce",
    "url": "https://www.coles.com.au/product/heinz-spaghetti-alphagetti-pasta-in-sauce-220g-118248",
    "img": "https://productimages.coles.com.au/productimages/1/118248.jpg",
    "price": 2,
    "quantity": 0.22,
    "unitPrice": 9.09
  },
  {
    "name": "Canned Spaghetti Tomato Sauce",
    "url": "https://www.coles.com.au/product/heinz-canned-spaghetti-tomato-sauce-220g-126304",
    "img": "https://productimages.coles.com.au/productimages/1/126304.jpg",
    "price": 2,
    "quantity": 0.22,
    "unitPrice": 9.09
  },
  {
    "name": "Canned Baked Beans Tomato Sauce",
    "url": "https://www.coles.com.au/product/heinz-canned-baked-beans-tomato-sauce-220g-126439",
    "img": "https://productimages.coles.com.au/productimages/1/126439.jpg",
    "price": 2,
    "quantity": 0.22,
    "unitPrice": 9.09
  },
  {
    "name": "Baked Beans Regular Salt Reduced Beans",
    "url": "https://www.coles.com.au/product/heinz-baked-beans-regular-salt-reduced-beans-220g-5239421",
    "img": "https://productimages.coles.com.au/productimages/5/5239421.jpg",
    "price": 2,
    "quantity": 0.22,
    "unitPrice": 9.09
  },
  {
    "name": "Orange Soft Drink Can",
    "url": "https://www.coles.com.au/product/club-orange-soft-drink-can-330ml-1655399",
    "img": "https://productimages.coles.com.au/productimages/1/1655399.jpg",
    "price": 3,
    "quantity": 0.33,
    "unitPrice": 9.09
  },
  {
    "name": "Orange Soft Drink Can",
    "url": "https://www.coles.com.au/product/club-orange-soft-drink-can-330ml-1655399",
    "img": "https://productimages.coles.com.au/productimages/1/1655399.jpg",
    "price": 3,
    "quantity": 0.33,
    "unitPrice": 9.09
  },
  {
    "name": "Woolworths Cook Stir Fry Mix Super Greens",
    "url": "https://www.woolworths.com.au/shop/productdetails/185250",
    "img": "https://cdn0.woolworths.media/content/wowproductimages/medium/185250.jpg",
    "price": 5,
    "quantity": 0.55,
    "unitPrice": 9.09
  },
  {
    "name": "Vanilla Cake Mix",
    "url": "https://www.coles.com.au/product/betty-crocker-vanilla-cake-mix-540g-4525710",
    "img": "https://productimages.coles.com.au/productimages/4/4525710.jpg",
    "price": 4.9,
    "quantity": 0.54,
    "unitPrice": 9.1
  },
  {
    "name": "Devil's Food Cake Mix",
    "url": "https://www.coles.com.au/product/betty-crocker-devil's-food-cake-mix-540g-5028448",
    "img": "https://productimages.coles.com.au/productimages/5/5028448.jpg",
    "price": 4.9,
    "quantity": 0.54,
    "unitPrice": 9.1
  },
  {
    "name": "Chocolate Fudge Cake Mix",
    "url": "https://www.coles.com.au/product/betty-crocker-chocolate-fudge-cake-mix-540g-9491284",
    "img": "https://productimages.coles.com.au/productimages/9/9491284.jpg",
    "price": 4.9,
    "quantity": 0.54,
    "unitPrice": 9.1
  },
  {
    "name": "Gluten Free Golden Butter Cake Mix",
    "url": "https://www.coles.com.au/product/green's-gluten-free-golden-butter-cake-mix-470g-2515216",
    "img": "https://productimages.coles.com.au/productimages/2/2515216.jpg",
    "price": 4.3,
    "quantity": 0.47,
    "unitPrice": 9.1
  },
  {
    "name": "Clusters Caramel Cashew",
    "url": "https://www.coles.com.au/product/heritage-mill-clusters-caramel-cashew-750g-5283456",
    "img": "https://productimages.coles.com.au/productimages/5/5283456.jpg",
    "price": 6.8,
    "quantity": 0.75,
    "unitPrice": 9.1
  },
  {
    "name": "Muesli Fruit & Nut",
    "url": "https://www.coles.com.au/product/heritage-mill-muesli-fruit-&-nut-750g-5283693",
    "img": "https://productimages.coles.com.au/productimages/5/5283693.jpg",
    "price": 6.8,
    "quantity": 0.75,
    "unitPrice": 9.1
  },
  {
    "name": "Clusters Crunchy Nut",
    "url": "https://www.coles.com.au/product/heritage-mill-clusters-crunchy-nut-750g-5283900",
    "img": "https://productimages.coles.com.au/productimages/5/5283900.jpg",
    "price": 6.8,
    "quantity": 0.75,
    "unitPrice": 9.1
  },
  {
    "name": "Clusters Cranberry Almond Coconut",
    "url": "https://www.coles.com.au/product/heritage-mill-clusters-cranberry-almond-coconut-750g-5284540",
    "img": "https://productimages.coles.com.au/productimages/5/5284540.jpg",
    "price": 6.8,
    "quantity": 0.75,
    "unitPrice": 9.1
  },
  {
    "name": "Clusters Almond & Cinnamon Limited Edition",
    "url": "https://www.coles.com.au/product/heritage-mill-clusters-almond-&-cinnamon-limited-edition-750g-5284765",
    "img": "https://productimages.coles.com.au/productimages/5/5284765.jpg",
    "price": 6.8,
    "quantity": 0.75,
    "unitPrice": 9.1
  },
  {
    "name": "Sultana Bran High Fibre Breakfast Cereal",
    "url": "https://www.coles.com.au/product/kellogg's-sultana-bran-high-fibre-breakfast-cereal-1.32-kg-5105630",
    "img": "https://productimages.coles.com.au/productimages/5/5105630.jpg",
    "price": 12,
    "quantity": 1.32,
    "unitPrice": 9.1
  },
  {
    "name": "Regular Tortillas Fajita 16 Pack",
    "url": "https://www.coles.com.au/product/old-el-paso-regular-tortillas-fajita-16-pack-640g-7373720",
    "img": "https://productimages.coles.com.au/productimages/7/7373720.jpg",
    "price": 5.85,
    "quantity": 0.64,
    "unitPrice": 9.1
  },
  {
    "name": "Regular Tortillas Fajita 16 Pack",
    "url": "https://www.coles.com.au/product/old-el-paso-regular-tortillas-fajita-16-pack-640g-7373720",
    "img": "https://productimages.coles.com.au/productimages/7/7373720.jpg",
    "price": 5.85,
    "quantity": 0.64,
    "unitPrice": 9.1
  },
  {
    "name": "Frozen Apple Crumble",
    "url": "https://www.coles.com.au/product/nanna's-frozen-apple-crumble-550g-9718506",
    "img": "https://productimages.coles.com.au/productimages/9/9718506.jpg",
    "price": 5,
    "quantity": 0.55,
    "unitPrice": 9.1
  },
  {
    "name": "Heinz Oops Pasta In Tomato Sauce Canned Spaghetti O's",
    "url": "https://www.woolworths.com.au/shop/productdetails/172409",
    "img": "https://cdn0.woolworths.media/content/wowproductimages/medium/172409.jpg",
    "price": 2,
    "quantity": 0.22,
    "unitPrice": 9.1
  },
  {
    "name": "Heinz Baked Beans Tinned Beans In Tomato Sauce Breakfast",
    "url": "https://www.woolworths.com.au/shop/productdetails/34037",
    "img": "https://cdn0.woolworths.media/content/wowproductimages/medium/034037.jpg",
    "price": 2,
    "quantity": 0.22,
    "unitPrice": 9.1
  },
  {
    "name": "Heinz Spaghetti In Tomato Sauce Canned Pasta Tinned Pasta",
    "url": "https://www.woolworths.com.au/shop/productdetails/34057",
    "img": "https://cdn0.woolworths.media/content/wowproductimages/medium/034057.jpg",
    "price": 2,
    "quantity": 0.22,
    "unitPrice": 9.1
  },
  {
    "name": "Heinz Baked Beans Tinned Beans Salt Reduced Breakfast",
    "url": "https://www.woolworths.com.au/shop/productdetails/873",
    "img": "https://cdn0.woolworths.media/content/wowproductimages/medium/000873.jpg",
    "price": 2,
    "quantity": 0.22,
    "unitPrice": 9.1
  },
  {
    "name": "Campbell's Country Ladle Soup Minestrone",
    "url": "https://www.woolworths.com.au/shop/productdetails/45777",
    "img": "https://cdn0.woolworths.media/content/wowproductimages/medium/045777.jpg",
    "price": 4.5,
    "quantity": 0.495,
    "unitPrice": 9.1
  },
  {
    "name": "Campbell's Country Ladle Soup Farmhouse Vegetable",
    "url": "https://www.woolworths.com.au/shop/productdetails/45931",
    "img": "https://cdn0.woolworths.media/content/wowproductimages/medium/045931.jpg",
    "price": 4.5,
    "quantity": 0.495,
    "unitPrice": 9.1
  },
  {
    "name": "Uncle Tobys Vita Brits Breakfast Cereal Brits",
    "url": "https://www.woolworths.com.au/shop/productdetails/33015",
    "img": "https://cdn0.woolworths.media/content/wowproductimages/medium/033015.jpg",
    "price": 3.4,
    "quantity": 0.375,
    "unitPrice": 9.1
  },
  {
    "name": "Heinz Ketchup Tomato Sauce Tomato Ketchup",
    "url": "https://www.woolworths.com.au/shop/productdetails/844371",
    "img": "https://cdn0.woolworths.media/content/wowproductimages/medium/844371.jpg",
    "price": 2,
    "quantity": 0.22,
    "unitPrice": 9.1
  },
  {
    "name": "Taylor's Simmer Sauce Peanut Satay",
    "url": "https://www.woolworths.com.au/shop/productdetails/26995",
    "img": "https://cdn0.woolworths.media/content/wowproductimages/medium/026995.jpg",
    "price": 4.8,
    "quantity": 0.525,
    "unitPrice": 9.1
  },
  {
    "name": "White Wings Muffin Mix Triple Chocolate",
    "url": "https://www.woolworths.com.au/shop/productdetails/254792",
    "img": "https://cdn0.woolworths.media/content/wowproductimages/medium/254792.jpg",
    "price": 5,
    "quantity": 0.55,
    "unitPrice": 9.1
  },
  {
    "name": "Green's Gluten Free Golden Butter Cake Mix",
    "url": "https://www.woolworths.com.au/shop/productdetails/929287",
    "img": "https://cdn0.woolworths.media/content/wowproductimages/medium/929287.jpg",
    "price": 4.3,
    "quantity": 0.47,
    "unitPrice": 9.1
  },
  {
    "name": "Green's Classic Chocolate Cake Gluten Free",
    "url": "https://www.woolworths.com.au/shop/productdetails/970815",
    "img": "https://cdn0.woolworths.media/content/wowproductimages/medium/970815.jpg",
    "price": 4.3,
    "quantity": 0.47,
    "unitPrice": 9.1
  },
  {
    "name": "Dolmades Vine Leaves Stuffed With Rice Mediterranean Taste",
    "url": "https://www.coles.com.au/product/gaganis-dolmades-vine-leaves-stuffed-with-rice-mediterranean-taste-400g-8214777",
    "img": "https://productimages.coles.com.au/productimages/8/8214777.jpg",
    "price": 3.65,
    "quantity": 0.4,
    "unitPrice": 9.13
  },
  {
    "name": "Dolmades Vine Leaves Stuffed With Rice Mediterranean Taste",
    "url": "https://www.coles.com.au/product/gaganis-dolmades-vine-leaves-stuffed-with-rice-mediterranean-taste-400g-8214777",
    "img": "https://productimages.coles.com.au/productimages/8/8214777.jpg",
    "price": 3.65,
    "quantity": 0.4,
    "unitPrice": 9.13
  },
  {
    "name": "Blueberries In Syrup",
    "url": "https://www.coles.com.au/product/coles-blueberries-in-syrup-415g-4164961",
    "img": "https://productimages.coles.com.au/productimages/4/4164961.jpg",
    "price": 3.8,
    "quantity": 0.415,
    "unitPrice": 9.16
  },
  {
    "name": "Blueberries In Syrup",
    "url": "https://www.coles.com.au/product/coles-blueberries-in-syrup-415g-4164961",
    "img": "https://productimages.coles.com.au/productimages/4/4164961.jpg",
    "price": 3.8,
    "quantity": 0.415,
    "unitPrice": 9.16
  },
  {
    "name": "Woolworths Black Cherries Stoneless In Syrup",
    "url": "https://www.woolworths.com.au/shop/productdetails/251825",
    "img": "https://cdn0.woolworths.media/content/wowproductimages/medium/251825.jpg",
    "price": 3.8,
    "quantity": 0.415,
    "unitPrice": 9.16
  },
  {
    "name": "Lotus Peak Bubble Tea Caramel With Tapioca Pearls",
    "url": "https://www.woolworths.com.au/shop/productdetails/230166",
    "img": "https://cdn0.woolworths.media/content/wowproductimages/medium/230166.jpg",
    "price": 4.5,
    "quantity": 0.49,
    "unitPrice": 9.18
  },
  {
    "name": "Lotus Peak Popping Bubble Tea Mango & Red Dragon Fruit",
    "url": "https://www.woolworths.com.au/shop/productdetails/230210",
    "img": "https://cdn0.woolworths.media/content/wowproductimages/medium/230210.jpg",
    "price": 4.5,
    "quantity": 0.49,
    "unitPrice": 9.18
  },
  {
    "name": "Lotus Peak Bubble Tea Strawberry With Tapioca Pearls",
    "url": "https://www.woolworths.com.au/shop/productdetails/229731",
    "img": "https://cdn0.woolworths.media/content/wowproductimages/medium/229731.jpg",
    "price": 4.5,
    "quantity": 0.49,
    "unitPrice": 9.18
  },
  {
    "name": "Lotus Peak Popping Bubble Tea",
    "url": "https://www.woolworths.com.au/shop/productdetails/229850",
    "img": "https://cdn0.woolworths.media/content/wowproductimages/medium/229850.jpg",
    "price": 4.5,
    "quantity": 0.49,
    "unitPrice": 9.18
  },
  {
    "name": "Oak Thickshake Cookies & Cream",
    "url": "https://www.woolworths.com.au/shop/productdetails/122283",
    "img": "https://cdn0.woolworths.media/content/wowproductimages/medium/122283.jpg",
    "price": 3.9,
    "quantity": 0.425,
    "unitPrice": 9.18
  },
  {
    "name": "Oak Thickshake Neapolitan Flavoured Milk",
    "url": "https://www.woolworths.com.au/shop/productdetails/238301",
    "img": "https://cdn0.woolworths.media/content/wowproductimages/medium/238301.jpg",
    "price": 3.9,
    "quantity": 0.425,
    "unitPrice": 9.18
  },
  {
    "name": "Bluey Strawberry Flavoured Milk",
    "url": "https://www.coles.com.au/product/pauls-bluey-strawberry-flavoured-milk-250ml-4165501",
    "img": "https://productimages.coles.com.au/productimages/4/4165501.jpg",
    "price": 2.3,
    "quantity": 0.25,
    "unitPrice": 9.2
  },
  {
    "name": "Bluey Banana Flavoured Milk",
    "url": "https://www.coles.com.au/product/pauls-bluey-banana-flavoured-milk-250ml-5073850",
    "img": "https://productimages.coles.com.au/productimages/5/5073850.jpg",
    "price": 2.3,
    "quantity": 0.25,
    "unitPrice": 9.2
  },
  {
    "name": "Kitchen Potato Gnocchi",
    "url": "https://www.coles.com.au/product/coles-kitchen-potato-gnocchi-500g-3167363",
    "img": "https://productimages.coles.com.au/productimages/3/3167363.jpg",
    "price": 4.6,
    "quantity": 0.5,
    "unitPrice": 9.2
  },
  {
    "name": "Kitchen Pumpkin Gnocchi",
    "url": "https://www.coles.com.au/product/coles-kitchen-pumpkin-gnocchi-500g-3467516",
    "img": "https://productimages.coles.com.au/productimages/3/3467516.jpg",
    "price": 4.6,
    "quantity": 0.5,
    "unitPrice": 9.2
  },
  {
    "name": "Traditional Chocolate Brownie Mix",
    "url": "https://www.coles.com.au/product/greens-traditional-chocolate-brownie-mix-380g-1280230",
    "img": "https://productimages.coles.com.au/productimages/1/1280230.jpg",
    "price": 3.5,
    "quantity": 0.38,
    "unitPrice": 9.2
  },
  {
    "name": "Asia Panko Crumbs",
    "url": "https://www.coles.com.au/product/coles-asia-panko-crumbs-600g-5016303",
    "img": "https://productimages.coles.com.au/productimages/5/5016303.jpg",
    "price": 5.5,
    "quantity": 0.6,
    "unitPrice": 9.2
  },
  {
    "name": "Sweet Chilli Sauce",
    "url": "https://www.coles.com.au/product/ayam-sweet-chilli-sauce-435ml-4777111",
    "img": "https://productimages.coles.com.au/productimages/4/4777111.jpg",
    "price": 4,
    "quantity": 0.435,
    "unitPrice": 9.2
  },
  {
    "name": "Asia Panko Crumbs",
    "url": "https://www.coles.com.au/product/coles-asia-panko-crumbs-600g-5016303",
    "img": "https://productimages.coles.com.au/productimages/5/5016303.jpg",
    "price": 5.5,
    "quantity": 0.6,
    "unitPrice": 9.2
  },
  {
    "name": "Smooth Peanut Butter",
    "url": "https://www.coles.com.au/product/coles-smooth-peanut-butter-500g-2113733",
    "img": "https://productimages.coles.com.au/productimages/2/2113733.jpg",
    "price": 4.6,
    "quantity": 0.5,
    "unitPrice": 9.2
  },
  {
    "name": "Crunchy Peanut Butter",
    "url": "https://www.coles.com.au/product/coles-crunchy-peanut-butter-500g-2113744",
    "img": "https://productimages.coles.com.au/productimages/2/2113744.jpg",
    "price": 4.6,
    "quantity": 0.5,
    "unitPrice": 9.2
  },
  {
    "name": "Frozen Mini Beef Dim Sims 15 Pack",
    "url": "https://www.coles.com.au/product/coles-frozen-mini-beef-dim-sims-15-pack-250g-1093721",
    "img": "https://productimages.coles.com.au/productimages/1/1093721.jpg",
    "price": 2.3,
    "quantity": 0.25,
    "unitPrice": 9.2
  },
  {
    "name": "Frozen Mini Beef Dim Sims 15 Pack",
    "url": "https://www.coles.com.au/product/coles-frozen-mini-beef-dim-sims-15-pack-250g-1093721",
    "img": "https://productimages.coles.com.au/productimages/1/1093721.jpg",
    "price": 2.3,
    "quantity": 0.25,
    "unitPrice": 9.2
  },
  {
    "name": "Goulburn Valley Mango In Juice",
    "url": "https://www.woolworths.com.au/shop/productdetails/784246",
    "img": "https://cdn0.woolworths.media/content/wowproductimages/medium/784246.jpg",
    "price": 6.3,
    "quantity": 0.685,
    "unitPrice": 9.2
  },
  {
    "name": "Pauls Bluey Chocolate Milk",
    "url": "https://www.woolworths.com.au/shop/productdetails/156078",
    "img": "https://cdn0.woolworths.media/content/wowproductimages/medium/156078.jpg",
    "price": 2.3,
    "quantity": 0.25,
    "unitPrice": 9.2
  },
  {
    "name": "Pauls Bluey Strawberry Milk",
    "url": "https://www.woolworths.com.au/shop/productdetails/155910",
    "img": "https://cdn0.woolworths.media/content/wowproductimages/medium/155910.jpg",
    "price": 2.3,
    "quantity": 0.25,
    "unitPrice": 9.2
  },
  {
    "name": "Pauls Bluey Banana Flavoured Milk",
    "url": "https://www.woolworths.com.au/shop/productdetails/214369",
    "img": "https://cdn0.woolworths.media/content/wowproductimages/medium/214369.jpg",
    "price": 2.3,
    "quantity": 0.25,
    "unitPrice": 9.2
  },
  {
    "name": "Dairy Farmers Thick & Creamy Strawberry Yoghurt",
    "url": "https://www.woolworths.com.au/shop/productdetails/768096",
    "img": "https://cdn0.woolworths.media/content/wowproductimages/medium/768096.jpg",
    "price": 5.5,
    "quantity": 0.6,
    "unitPrice": 9.2
  },
  {
    "name": "Dairy Farmers Thick & Creamy Classic Vanilla Yoghurt",
    "url": "https://www.woolworths.com.au/shop/productdetails/777321",
    "img": "https://cdn0.woolworths.media/content/wowproductimages/medium/777321.jpg",
    "price": 5.5,
    "quantity": 0.6,
    "unitPrice": 9.2
  },
  {
    "name": "Dairy Farmers Thick & Creamy Mango & Passionfruit Yoghurt",
    "url": "https://www.woolworths.com.au/shop/productdetails/768042",
    "img": "https://cdn0.woolworths.media/content/wowproductimages/medium/768042.jpg",
    "price": 5.5,
    "quantity": 0.6,
    "unitPrice": 9.2
  },
  {
    "name": "Dairy Farmers Thick & Creamy Yoghurt Lemon Cream",
    "url": "https://www.woolworths.com.au/shop/productdetails/768039",
    "img": "https://cdn0.woolworths.media/content/wowproductimages/medium/768039.jpg",
    "price": 5.5,
    "quantity": 0.6,
    "unitPrice": 9.2
  },
  {
    "name": "Dairy Farmers Thick & Creamy Caramelised Fig Yoghurt",
    "url": "https://www.woolworths.com.au/shop/productdetails/790009",
    "img": "https://cdn0.woolworths.media/content/wowproductimages/medium/790009.jpg",
    "price": 5.5,
    "quantity": 0.6,
    "unitPrice": 9.2
  },
  {
    "name": "Cloverdale Pure Honey Handypack",
    "url": "https://www.woolworths.com.au/shop/productdetails/159542",
    "img": "https://cdn0.woolworths.media/content/wowproductimages/medium/159542.jpg",
    "price": 23,
    "quantity": 2.5,
    "unitPrice": 9.2
  },
  {
    "name": "Mr Chen's Rice Wine Vinegar",
    "url": "https://www.woolworths.com.au/shop/productdetails/123041",
    "img": "https://cdn0.woolworths.media/content/wowproductimages/medium/123041.jpg",
    "price": 2.3,
    "quantity": 0.25,
    "unitPrice": 9.2
  },
  {
    "name": "Dr. Oetker Ready To Roll Icing White",
    "url": "https://www.woolworths.com.au/shop/productdetails/448647",
    "img": "https://cdn0.woolworths.media/content/wowproductimages/medium/448647.jpg",
    "price": 5.5,
    "quantity": 0.6,
    "unitPrice": 9.2
  },
  {
    "name": "Westacre Dairy Wrapped Cheese Slices",
    "url": "https://www.aldi.com.au/en/groceries/fresh-produce/dairy-eggs/dairy-eggs-detail/ps/p/westacre-dairy-wrapped-cheese-slices-432g-1/",
    "img": "https://www.aldi.com.au/fileadmin/_processed_/5/2/csm_1002370-4_Q3_WEB_AUDIT_1x1_228x128_17_RET_f2457fcd4d.png",
    "price": 3.99,
    "quantity": 0.432,
    "unitPrice": 9.24
  },
  {
    "name": "Westacre Dairy Wrapped Cheese Slices",
    "url": "https://www.aldi.com.au/en/groceries/fresh-produce/dairy-eggs/dairy-eggs-detail/ps/p/westacre-dairy-wrapped-cheese-slices-432g/",
    "img": "https://www.aldi.com.au/fileadmin/_processed_/8/3/csm_1002370-4_Q3_WEB_AUDIT_1x1_228x128_18_RET_574fb09426.png",
    "price": 3.99,
    "quantity": 0.432,
    "unitPrice": 9.24
  },
  {
    "name": "Pineapple Slices In Juice",
    "url": "https://www.coles.com.au/product/dole-pineapple-slices-in-juice-227g-2378374",
    "img": "https://productimages.coles.com.au/productimages/2/2378374.jpg",
    "price": 2.1,
    "quantity": 0.227,
    "unitPrice": 9.25
  },
  {
    "name": "Pineapple Chunks In Juice",
    "url": "https://www.coles.com.au/product/dole-pineapple-chunks-in-juice-227g-2378396",
    "img": "https://productimages.coles.com.au/productimages/2/2378396.jpg",
    "price": 2.1,
    "quantity": 0.227,
    "unitPrice": 9.25
  },
  {
    "name": "Pineapple Pieces In Juice",
    "url": "https://www.coles.com.au/product/dole-pineapple-pieces-in-juice-227g-4727485",
    "img": "https://productimages.coles.com.au/productimages/4/4727485.jpg",
    "price": 2.1,
    "quantity": 0.227,
    "unitPrice": 9.25
  },
  {
    "name": "Pineapple Slices In Juice",
    "url": "https://www.coles.com.au/product/dole-pineapple-slices-in-juice-227g-2378374",
    "img": "https://productimages.coles.com.au/productimages/2/2378374.jpg",
    "price": 2.1,
    "quantity": 0.227,
    "unitPrice": 9.25
  },
  {
    "name": "Pineapple Chunks In Juice",
    "url": "https://www.coles.com.au/product/dole-pineapple-chunks-in-juice-227g-2378396",
    "img": "https://productimages.coles.com.au/productimages/2/2378396.jpg",
    "price": 2.1,
    "quantity": 0.227,
    "unitPrice": 9.25
  },
  {
    "name": "Pineapple Pieces In Juice",
    "url": "https://www.coles.com.au/product/dole-pineapple-pieces-in-juice-227g-4727485",
    "img": "https://productimages.coles.com.au/productimages/4/4727485.jpg",
    "price": 2.1,
    "quantity": 0.227,
    "unitPrice": 9.25
  },
  {
    "name": "The Olive Tree Australian Extra Virgin Olive Oil Large",
    "url": "https://www.aldi.com.au/en/groceries/pantry/olive-oil/olive-oil-detail/ps/p/the-olive-tree-australian-extra-virgin-olive-oil-3/",
    "img": "https://www.aldi.com.au/fileadmin/_processed_/d/d/csm_1001829-1_Q1-WEB-AUDIT_OLIVE-OIL_1x1_228x128_2_RET_022c75427b.png",
    "price": 27.99,
    "quantity": 3,
    "unitPrice": 9.3
  },
  {
    "name": "FARMDALE Light Thickened Cream",
    "url": "https://www.aldi.com.au/en/groceries/fresh-produce/dairy-eggs/dairy-eggs-detail/ps/p/farmdale-light-thickened-cream-300ml/",
    "img": "https://www.aldi.com.au/fileadmin/_processed_/9/a/csm_1001349_ALN-1_1x1_Q3_WEB-AUDIT_228x128_31_768538229c.jpg",
    "price": 2.79,
    "quantity": 0.3,
    "unitPrice": 9.3
  },
  {
    "name": "Farmdale Pouring Cream",
    "url": "https://www.aldi.com.au/en/groceries/fresh-produce/dairy-eggs/dairy-eggs-detail/ps/p/farmdale-pouring-cream-300ml/",
    "img": "https://www.aldi.com.au/fileadmin/_processed_/7/5/csm_1002179-1_Q2_WEB_AUDIT_1x1_228x128_29_RET_5766ce02ce.png",
    "price": 2.79,
    "quantity": 0.3,
    "unitPrice": 9.3
  },
  {
    "name": "Farmdale Thickened Cream",
    "url": "https://www.aldi.com.au/en/groceries/fresh-produce/dairy-eggs/dairy-eggs-detail/ps/p/farmdale-thickened-cream-300ml/",
    "img": "https://www.aldi.com.au/fileadmin/_processed_/d/5/csm_1002179-1_Q2_WEB_AUDIT_1x1_228x128_30_RET_1efa46919e.png",
    "price": 2.79,
    "quantity": 0.3,
    "unitPrice": 9.3
  },
  {
    "name": "Free Range Eggs 12 Pack",
    "url": "https://www.coles.com.au/product/fyfe-family-farm-free-range-eggs-12-pack-700g-6802242",
    "img": "https://productimages.coles.com.au/productimages/6/6802242.jpg",
    "price": 6.5,
    "quantity": 0.7,
    "unitPrice": 9.3
  },
  {
    "name": "Thickened Cream",
    "url": "https://www.coles.com.au/product/coles-thickened-cream-300ml-246973",
    "img": "https://productimages.coles.com.au/productimages/2/246973.jpg",
    "price": 2.8,
    "quantity": 0.3,
    "unitPrice": 9.3
  },
  {
    "name": "Light Thickened Cream",
    "url": "https://www.coles.com.au/product/coles-light-thickened-cream-300ml-5033765",
    "img": "https://productimages.coles.com.au/productimages/5/5033765.jpg",
    "price": 2.8,
    "quantity": 0.3,
    "unitPrice": 9.3
  },
  {
    "name": "Molasses",
    "url": "https://www.coles.com.au/product/blue-label-molasses-550g-9054676",
    "img": "https://productimages.coles.com.au/productimages/9/9054676.jpg",
    "price": 5.1,
    "quantity": 0.55,
    "unitPrice": 9.3
  },
  {
    "name": "Pancake Shake Mix Original",
    "url": "https://www.coles.com.au/product/green's-pancake-shake-mix-original-375g-5210463",
    "img": "https://productimages.coles.com.au/productimages/5/5210463.jpg",
    "price": 3.5,
    "quantity": 0.375,
    "unitPrice": 9.3
  },
  {
    "name": "Ancient Grains Oats",
    "url": "https://www.coles.com.au/product/uncle-tobys-ancient-grains-oats-700g-2697930",
    "img": "https://productimages.coles.com.au/productimages/2/2697930.jpg",
    "price": 6.5,
    "quantity": 0.7,
    "unitPrice": 9.3
  },
  {
    "name": "Weet Bix",
    "url": "https://www.coles.com.au/product/sanitarium-weet-bix-375g-133117",
    "img": "https://productimages.coles.com.au/productimages/1/133117.jpg",
    "price": 3.5,
    "quantity": 0.375,
    "unitPrice": 9.3
  },
  {
    "name": "Skim Sweetened Condensed Milk",
    "url": "https://www.coles.com.au/product/nestle-skim-sweetened-condensed-milk-410g-3964532",
    "img": "https://productimages.coles.com.au/productimages/3/3964532.jpg",
    "price": 3.8,
    "quantity": 0.41,
    "unitPrice": 9.3
  },
  {
    "name": "Mi Goreng Hot & Spicy Instant 5 Pack",
    "url": "https://www.coles.com.au/product/indo-mie-mi-goreng-hot-&-spicy-instant-5-pack-425g-1573738",
    "img": "https://productimages.coles.com.au/productimages/1/1573738.jpg",
    "price": 3.95,
    "quantity": 0.425,
    "unitPrice": 9.3
  },
  {
    "name": "Skim Sweetened Condensed Milk",
    "url": "https://www.coles.com.au/product/nestle-skim-sweetened-condensed-milk-410g-3964532",
    "img": "https://productimages.coles.com.au/productimages/3/3964532.jpg",
    "price": 3.8,
    "quantity": 0.41,
    "unitPrice": 9.3
  },
  {
    "name": "Mi Goreng Hot & Spicy Instant 5 Pack",
    "url": "https://www.coles.com.au/product/indo-mie-mi-goreng-hot-&-spicy-instant-5-pack-425g-1573738",
    "img": "https://productimages.coles.com.au/productimages/1/1573738.jpg",
    "price": 3.95,
    "quantity": 0.425,
    "unitPrice": 9.3
  },
  {
    "name": "Creme Soda",
    "url": "https://www.coles.com.au/product/sparletta-creme-soda-300ml-3714444",
    "img": "https://productimages.coles.com.au/productimages/3/3714444.jpg",
    "price": 2.8,
    "quantity": 0.3,
    "unitPrice": 9.3
  },
  {
    "name": "Phoenix Vermicelli Bean",
    "url": "https://www.coles.com.au/product/double-phoenix-vermicelli-bean-200g-3736924",
    "img": "https://productimages.coles.com.au/productimages/3/3736924.jpg",
    "price": 1.85,
    "quantity": 0.2,
    "unitPrice": 9.3
  },
  {
    "name": "Natural Smooth Peanut Butter Spread",
    "url": "https://www.coles.com.au/product/sanitarium-natural-smooth-peanut-butter-spread-375g-5796847",
    "img": "https://productimages.coles.com.au/productimages/5/5796847.jpg",
    "price": 3.5,
    "quantity": 0.375,
    "unitPrice": 9.3
  },
  {
    "name": "Natural Crunchy Peanut Butter Spread",
    "url": "https://www.coles.com.au/product/sanitarium-natural-crunchy-peanut-butter-spread-375g-5796870",
    "img": "https://productimages.coles.com.au/productimages/5/5796870.jpg",
    "price": 3.5,
    "quantity": 0.375,
    "unitPrice": 9.3
  },
  {
    "name": "Tomato Passata",
    "url": "https://www.coles.com.au/product/mutti-tomato-passata-400g-2349503",
    "img": "https://productimages.coles.com.au/productimages/2/2349503.jpg",
    "price": 3.7,
    "quantity": 0.4,
    "unitPrice": 9.3
  },
  {
    "name": "Tomato Passata",
    "url": "https://www.coles.com.au/product/mutti-tomato-passata-400g-2349503",
    "img": "https://productimages.coles.com.au/productimages/2/2349503.jpg",
    "price": 3.7,
    "quantity": 0.4,
    "unitPrice": 9.3
  },
  {
    "name": "Choc Fudge Ice Cream 8Pack",
    "url": "https://www.coles.com.au/product/bulla-choc-fudge-ice-cream-8pack-600ml-4457201",
    "img": "https://productimages.coles.com.au/productimages/4/4457201.jpg",
    "price": 5.6,
    "quantity": 0.6,
    "unitPrice": 9.3
  },
  {
    "name": "Ice Cream Choc Bars Vanilla 8Pack",
    "url": "https://www.coles.com.au/product/bulla-ice-cream-choc-bars-vanilla-8pack-600ml-6277754",
    "img": "https://productimages.coles.com.au/productimages/6/6277754.jpg",
    "price": 5.6,
    "quantity": 0.6,
    "unitPrice": 9.3
  },
  {
    "name": "Original Party Cake Ice Cream",
    "url": "https://www.coles.com.au/product/peters-original-party-cake-ice-cream-1.5l-5103340",
    "img": "https://productimages.coles.com.au/productimages/5/5103340.jpg",
    "price": 14,
    "quantity": 1.5,
    "unitPrice": 9.3
  },
  {
    "name": "Choc Fudge Ice Cream 8Pack",
    "url": "https://www.coles.com.au/product/bulla-choc-fudge-ice-cream-8pack-600ml-4457201",
    "img": "https://productimages.coles.com.au/productimages/4/4457201.jpg",
    "price": 5.6,
    "quantity": 0.6,
    "unitPrice": 9.3
  },
  {
    "name": "Ice Cream Choc Bars Vanilla 8Pack",
    "url": "https://www.coles.com.au/product/bulla-ice-cream-choc-bars-vanilla-8pack-600ml-6277754",
    "img": "https://productimages.coles.com.au/productimages/6/6277754.jpg",
    "price": 5.6,
    "quantity": 0.6,
    "unitPrice": 9.3
  },
  {
    "name": "Original Party Cake Ice Cream",
    "url": "https://www.coles.com.au/product/peters-original-party-cake-ice-cream-1.5l-5103340",
    "img": "https://productimages.coles.com.au/productimages/5/5103340.jpg",
    "price": 14,
    "quantity": 1.5,
    "unitPrice": 9.3
  },
  {
    "name": "Heinz Beanz Baked Beans In Tomato Sauce",
    "url": "https://www.woolworths.com.au/shop/productdetails/625156",
    "img": "https://cdn0.woolworths.media/content/wowproductimages/medium/625156.jpg",
    "price": 2.8,
    "quantity": 0.3,
    "unitPrice": 9.3
  },
  {
    "name": "Heinz Spaghetti In Tomato Sauce Pasta Tinned Spaghetti",
    "url": "https://www.woolworths.com.au/shop/productdetails/624768",
    "img": "https://cdn0.woolworths.media/content/wowproductimages/medium/624768.jpg",
    "price": 2.8,
    "quantity": 0.3,
    "unitPrice": 9.3
  },
  {
    "name": "Heinz Baked Beans English Recipe Tinned Beans Breakfast",
    "url": "https://www.woolworths.com.au/shop/productdetails/625154",
    "img": "https://cdn0.woolworths.media/content/wowproductimages/medium/625154.jpg",
    "price": 2.8,
    "quantity": 0.3,
    "unitPrice": 9.3
  },
  {
    "name": "Heinz Beanz Baked Beans In Ham Sauce Ham Sauce",
    "url": "https://www.woolworths.com.au/shop/productdetails/624765",
    "img": "https://cdn0.woolworths.media/content/wowproductimages/medium/624765.jpg",
    "price": 2.8,
    "quantity": 0.3,
    "unitPrice": 9.3
  },
  {
    "name": "Heinz Spaghetti Extra Cheesy Pasta Canned Spaghetti",
    "url": "https://www.woolworths.com.au/shop/productdetails/625155",
    "img": "https://cdn0.woolworths.media/content/wowproductimages/medium/625155.jpg",
    "price": 2.8,
    "quantity": 0.3,
    "unitPrice": 9.3
  },
  {
    "name": "Heinz Beanz Baked Beans Caramelised Onion Flavour",
    "url": "https://www.woolworths.com.au/shop/productdetails/321166",
    "img": "https://cdn0.woolworths.media/content/wowproductimages/medium/321166.jpg",
    "price": 2.8,
    "quantity": 0.3,
    "unitPrice": 9.3
  },
  {
    "name": "Heinz Beanz Baked Beans Peri Peri Flavour",
    "url": "https://www.woolworths.com.au/shop/productdetails/322966",
    "img": "https://cdn0.woolworths.media/content/wowproductimages/medium/322966.jpg",
    "price": 2.8,
    "quantity": 0.3,
    "unitPrice": 9.3
  },
  {
    "name": "Nestle Skim Sweetened Condensed Milk",
    "url": "https://www.woolworths.com.au/shop/productdetails/151067",
    "img": "https://cdn0.woolworths.media/content/wowproductimages/medium/151067.jpg",
    "price": 3.8,
    "quantity": 0.41,
    "unitPrice": 9.3
  },
  {
    "name": "Nestle Skim Sweetened Condensed Milk",
    "url": "https://www.woolworths.com.au/shop/productdetails/151067",
    "img": "https://cdn0.woolworths.media/content/wowproductimages/medium/151067.jpg",
    "price": 3.8,
    "quantity": 0.41,
    "unitPrice": 9.3
  },
  {
    "name": "Evia Natural Yoghurt No Added Sugar",
    "url": "https://www.woolworths.com.au/shop/productdetails/373846",
    "img": "https://cdn0.woolworths.media/content/wowproductimages/medium/373846.jpg",
    "price": 6.5,
    "quantity": 0.7,
    "unitPrice": 9.3
  },
  {
    "name": "Evia Skim Greek Yoghurt",
    "url": "https://www.woolworths.com.au/shop/productdetails/98399",
    "img": "https://cdn0.woolworths.media/content/wowproductimages/medium/098399.jpg",
    "price": 6.5,
    "quantity": 0.7,
    "unitPrice": 9.3
  },
  {
    "name": "Nestle Milo Breakfast Cereal",
    "url": "https://www.woolworths.com.au/shop/productdetails/197921",
    "img": "https://cdn0.woolworths.media/content/wowproductimages/medium/197921.jpg",
    "price": 3.25,
    "quantity": 0.35,
    "unitPrice": 9.3
  },
  {
    "name": "Kellogg's Sultana Bran Breakfast Cereal",
    "url": "https://www.woolworths.com.au/shop/productdetails/200413",
    "img": "https://cdn0.woolworths.media/content/wowproductimages/medium/200413.jpg",
    "price": 6.5,
    "quantity": 0.7,
    "unitPrice": 9.3
  },
  {
    "name": "Sanitarium Weet-bix Breakfast Cereal",
    "url": "https://www.woolworths.com.au/shop/productdetails/33021",
    "img": "https://cdn0.woolworths.media/content/wowproductimages/medium/033021.jpg",
    "price": 3.5,
    "quantity": 0.375,
    "unitPrice": 9.3
  },
  {
    "name": "Cloverdale Pure Honey Pail",
    "url": "https://www.woolworths.com.au/shop/productdetails/89161",
    "img": "https://cdn0.woolworths.media/content/wowproductimages/medium/089161.jpg",
    "price": 9.3,
    "quantity": 1,
    "unitPrice": 9.3
  },
  {
    "name": "Sanitarium Natural Smooth Peanut Butter",
    "url": "https://www.woolworths.com.au/shop/productdetails/476935",
    "img": "https://cdn0.woolworths.media/content/wowproductimages/medium/476935.jpg",
    "price": 3.5,
    "quantity": 0.375,
    "unitPrice": 9.3
  },
  {
    "name": "Sanitarium Natural Crunchy Peanut Butter",
    "url": "https://www.woolworths.com.au/shop/productdetails/15819",
    "img": "https://cdn0.woolworths.media/content/wowproductimages/medium/015819.jpg",
    "price": 3.5,
    "quantity": 0.375,
    "unitPrice": 9.3
  },
  {
    "name": "Uncle Tobys Oats Ancient Grains Porridge Porridge",
    "url": "https://www.woolworths.com.au/shop/productdetails/430061",
    "img": "https://cdn0.woolworths.media/content/wowproductimages/medium/430061.jpg",
    "price": 6.5,
    "quantity": 0.7,
    "unitPrice": 9.3
  },
  {
    "name": "Mutti Passata Tomato Puree",
    "url": "https://www.woolworths.com.au/shop/productdetails/290301",
    "img": "https://cdn0.woolworths.media/content/wowproductimages/medium/290301.jpg",
    "price": 3.7,
    "quantity": 0.4,
    "unitPrice": 9.3
  },
  {
    "name": "Abc Kecap Manis Sweet Soy Sauce",
    "url": "https://www.woolworths.com.au/shop/productdetails/784997",
    "img": "https://cdn0.woolworths.media/content/wowproductimages/medium/784997.jpg",
    "price": 5.6,
    "quantity": 0.6,
    "unitPrice": 9.3
  },
  {
    "name": "White Wings Cake Mix Rich Chocolate Cake",
    "url": "https://www.woolworths.com.au/shop/productdetails/347092",
    "img": "https://cdn0.woolworths.media/content/wowproductimages/medium/347092.jpg",
    "price": 5,
    "quantity": 0.535,
    "unitPrice": 9.3
  },
  {
    "name": "Green Beans Prepacked",
    "url": "https://www.coles.com.au/product/coles-green-beans-prepacked-375g-4829204",
    "img": "https://productimages.coles.com.au/productimages/4/4829204.jpg",
    "price": 3.5,
    "quantity": 0.375,
    "unitPrice": 9.33
  },
  {
    "name": "Sultanas",
    "url": "https://www.coles.com.au/product/coles-sultanas-375g-5071312",
    "img": "https://productimages.coles.com.au/productimages/5/5071312.jpg",
    "price": 3.5,
    "quantity": 0.375,
    "unitPrice": 9.33
  },
  {
    "name": "Roast Vegetables ",
    "url": "https://www.coles.com.au/product/birds-eye-deli-roast-vegetables--600g-4204002",
    "img": "https://productimages.coles.com.au/productimages/4/4204002.jpg",
    "price": 5.6,
    "quantity": 0.6,
    "unitPrice": 9.33
  },
  {
    "name": "Roast Vegetables ",
    "url": "https://www.coles.com.au/product/birds-eye-deli-roast-vegetables--600g-4204002",
    "img": "https://productimages.coles.com.au/productimages/4/4204002.jpg",
    "price": 5.6,
    "quantity": 0.6,
    "unitPrice": 9.33
  },
  {
    "name": "Woolworths Washed & Ready To Cook Diced Pumpkin",
    "url": "https://www.woolworths.com.au/shop/productdetails/159073",
    "img": "https://cdn0.woolworths.media/content/wowproductimages/medium/159073.jpg",
    "price": 7,
    "quantity": 0.75,
    "unitPrice": 9.33
  },
  {
    "name": "Woolworths Blanched Peanuts",
    "url": "https://www.woolworths.com.au/shop/productdetails/89762",
    "img": "https://cdn0.woolworths.media/content/wowproductimages/medium/089762.jpg",
    "price": 3.5,
    "quantity": 0.375,
    "unitPrice": 9.33
  },
  {
    "name": "Diced Peaches In Mango Jelly",
    "url": "https://www.coles.com.au/product/spc-diced-peaches-in-mango-jelly-480g-2898727",
    "img": "https://productimages.coles.com.au/productimages/2/2898727.jpg",
    "price": 4.5,
    "quantity": 0.48,
    "unitPrice": 9.38
  },
  {
    "name": "Diced Peaches In Orange Jelly",
    "url": "https://www.coles.com.au/product/spc-diced-peaches-in-orange-jelly-480g-2898738",
    "img": "https://productimages.coles.com.au/productimages/2/2898738.jpg",
    "price": 4.5,
    "quantity": 0.48,
    "unitPrice": 9.38
  },
  {
    "name": "Regular Greek Yoghurt 4 pack",
    "url": "https://www.coles.com.au/product/farmers-union-regular-greek-yoghurt-4-pack-640g-1870573",
    "img": "https://productimages.coles.com.au/productimages/1/1870573.jpg",
    "price": 6,
    "quantity": 0.64,
    "unitPrice": 9.4
  },
  {
    "name": "Mini Loaf Mixed Grain",
    "url": "https://www.coles.com.au/product/helgas-mini-loaf-mixed-grain-415g-3860876",
    "img": "https://productimages.coles.com.au/productimages/3/3860876.jpg",
    "price": 3.9,
    "quantity": 0.415,
    "unitPrice": 9.4
  },
  {
    "name": "Weet-Bix Mango Breakfast Cereal",
    "url": "https://www.coles.com.au/product/sanitarium-weet-bix-mango-breakfast-cereal-480g-6132810",
    "img": "https://productimages.coles.com.au/productimages/6/6132810.jpg",
    "price": 4.5,
    "quantity": 0.48,
    "unitPrice": 9.4
  },
  {
    "name": "Vita Weeties Breakfast Cereal",
    "url": "https://www.coles.com.au/product/uncle-tobys-vita-weeties-breakfast-cereal-510g-7019517",
    "img": "https://productimages.coles.com.au/productimages/7/7019517.jpg",
    "price": 4.8,
    "quantity": 0.51,
    "unitPrice": 9.4
  },
  {
    "name": "Sweetened Condensed Coconut Milk",
    "url": "https://www.coles.com.au/product/coles-sweetened-condensed-coconut-milk-320g-3788407",
    "img": "https://productimages.coles.com.au/productimages/3/3788407.jpg",
    "price": 3,
    "quantity": 0.32,
    "unitPrice": 9.4
  },
  {
    "name": "Signature Soybean Sauce",
    "url": "https://www.coles.com.au/product/haday-signature-soybean-sauce-340g-4476159",
    "img": "https://productimages.coles.com.au/productimages/4/4476159.jpg",
    "price": 3.2,
    "quantity": 0.34,
    "unitPrice": 9.4
  },
  {
    "name": "Mini Frozen Puff Pastry 10 Sheets",
    "url": "https://www.coles.com.au/product/borg's-mini-frozen-puff-pastry-10-sheets-400g-4887823",
    "img": "https://productimages.coles.com.au/productimages/4/4887823.jpg",
    "price": 3.75,
    "quantity": 0.4,
    "unitPrice": 9.4
  },
  {
    "name": "Mini Frozen Puff Pastry 10 Sheets",
    "url": "https://www.coles.com.au/product/borg's-mini-frozen-puff-pastry-10-sheets-400g-4887823",
    "img": "https://productimages.coles.com.au/productimages/4/4887823.jpg",
    "price": 3.75,
    "quantity": 0.4,
    "unitPrice": 9.4
  },
  {
    "name": "Nuttelex Buttery Table Spread",
    "url": "https://www.woolworths.com.au/shop/productdetails/899765",
    "img": "https://cdn0.woolworths.media/content/wowproductimages/medium/899765.jpg",
    "price": 4.7,
    "quantity": 0.5,
    "unitPrice": 9.4
  },
  {
    "name": "Nuttelex Polyunsaturated Margarine Spread",
    "url": "https://www.woolworths.com.au/shop/productdetails/41285",
    "img": "https://cdn0.woolworths.media/content/wowproductimages/medium/041285.jpg",
    "price": 4.7,
    "quantity": 0.5,
    "unitPrice": 9.4
  },
  {
    "name": "Nuttelex Lite Margarine Spread",
    "url": "https://www.woolworths.com.au/shop/productdetails/233135",
    "img": "https://cdn0.woolworths.media/content/wowproductimages/medium/233135.jpg",
    "price": 4.7,
    "quantity": 0.5,
    "unitPrice": 9.4
  },
  {
    "name": "Woolworths Fruit Bun Iced",
    "url": "https://www.woolworths.com.au/shop/productdetails/897795",
    "img": "https://cdn0.woolworths.media/content/wowproductimages/medium/897795.jpg",
    "price": 4.5,
    "quantity": 0.48,
    "unitPrice": 9.4
  },
  {
    "name": "White Wings Cake Mix Milk Chocolate",
    "url": "https://www.woolworths.com.au/shop/productdetails/364294",
    "img": "https://cdn0.woolworths.media/content/wowproductimages/medium/364294.jpg",
    "price": 5,
    "quantity": 0.53,
    "unitPrice": 9.4
  },
  {
    "name": "Woolworths Shredded Coconut",
    "url": "https://www.woolworths.com.au/shop/productdetails/172405",
    "img": "https://cdn0.woolworths.media/content/wowproductimages/medium/172405.jpg",
    "price": 2.35,
    "quantity": 0.25,
    "unitPrice": 9.4
  },
  {
    "name": "Cheese Slices Processed",
    "url": "https://www.coles.com.au/product/coles-dairy-cheese-slices-processed-500g-244242",
    "img": "https://productimages.coles.com.au/productimages/2/244242.jpg",
    "price": 4.75,
    "quantity": 0.5,
    "unitPrice": 9.5
  },
  {
    "name": "Dairy Cheese Slices Processed Lite 24 Pack",
    "url": "https://www.coles.com.au/product/coles-dairy-cheese-slices-processed-lite-24-pack-500g-5164639",
    "img": "https://productimages.coles.com.au/productimages/5/5164639.jpg",
    "price": 4.75,
    "quantity": 0.5,
    "unitPrice": 9.5
  },
  {
    "name": "Soup Peri Peri Chicken Soup",
    "url": "https://www.coles.com.au/product/whitlocks-soup-peri-peri-chicken-soup-420g-6182716",
    "img": "https://productimages.coles.com.au/productimages/6/6182716.jpg",
    "price": 4,
    "quantity": 0.42,
    "unitPrice": 9.5
  },
  {
    "name": "Soup Moroccan Spiced Carrot & Lentil Vegetable Soup",
    "url": "https://www.coles.com.au/product/whitlocks-soup-moroccan-spiced-carrot-&-lentil-vegetable-soup-420g-6184358",
    "img": "https://productimages.coles.com.au/productimages/6/6184358.jpg",
    "price": 4,
    "quantity": 0.42,
    "unitPrice": 9.5
  },
  {
    "name": "Soup Louisiana Style Tomato & Capsicum & Corn Gumbo Soup",
    "url": "https://www.coles.com.au/product/whitlocks-soup-louisiana-style-tomato-&-capsicum-&-corn-gumbo-soup-420g-6184370",
    "img": "https://productimages.coles.com.au/productimages/6/6184370.jpg",
    "price": 4,
    "quantity": 0.42,
    "unitPrice": 9.5
  },
  {
    "name": "Assorted Pudding 6 Pieces",
    "url": "https://www.coles.com.au/product/cocon-assorted-pudding-6-pieces-480g-6802800",
    "img": "https://productimages.coles.com.au/productimages/6/6802800.jpg",
    "price": 4.55,
    "quantity": 0.48,
    "unitPrice": 9.5
  },
  {
    "name": "Red Prawn Crackers",
    "url": "https://www.coles.com.au/product/double-phoenix-red-prawn-crackers-200g-5487467",
    "img": "https://productimages.coles.com.au/productimages/5/5487467.jpg",
    "price": 1.9,
    "quantity": 0.2,
    "unitPrice": 9.5
  },
  {
    "name": "Gastronomia Baby Roma Tomato Passata",
    "url": "https://www.coles.com.au/product/mutti-gastronomia-baby-roma-tomato-passata-400g-3591162",
    "img": "https://productimages.coles.com.au/productimages/3/3591162.jpg",
    "price": 3.8,
    "quantity": 0.4,
    "unitPrice": 9.5
  },
  {
    "name": "Gastronomia Baby Roma Tomato Passata",
    "url": "https://www.coles.com.au/product/mutti-gastronomia-baby-roma-tomato-passata-400g-3591162",
    "img": "https://productimages.coles.com.au/productimages/3/3591162.jpg",
    "price": 3.8,
    "quantity": 0.4,
    "unitPrice": 9.5
  },
  {
    "name": "Organic Bolognese Pasta Sauce Pouch",
    "url": "https://www.coles.com.au/product/aofc-organic-bolognese-pasta-sauce-pouch-400g-3946009",
    "img": "https://productimages.coles.com.au/productimages/3/3946009.jpg",
    "price": 3.8,
    "quantity": 0.4,
    "unitPrice": 9.5
  },
  {
    "name": "Passata Gastronomia Cherry Tomato",
    "url": "https://www.coles.com.au/product/mutti-passata-gastronomia-cherry-tomato-400g-6327353",
    "img": "https://productimages.coles.com.au/productimages/6/6327353.jpg",
    "price": 3.8,
    "quantity": 0.4,
    "unitPrice": 9.5
  },
  {
    "name": "Frozen Beef Lasagne",
    "url": "https://www.coles.com.au/product/on-the-menu-frozen-beef-lasagne-1kg-1837374",
    "img": "https://productimages.coles.com.au/productimages/1/1837374.jpg",
    "price": 9.5,
    "quantity": 1,
    "unitPrice": 9.5
  },
  {
    "name": "Chicken Breast Dino Nuggets",
    "url": "https://www.coles.com.au/product/coles-chicken-breast-dino-nuggets-1kg-5746849",
    "img": "https://productimages.coles.com.au/productimages/5/5746849.jpg",
    "price": 9.5,
    "quantity": 1,
    "unitPrice": 9.5
  },
  {
    "name": "Frozen Beef Lasagne",
    "url": "https://www.coles.com.au/product/on-the-menu-frozen-beef-lasagne-1kg-1837374",
    "img": "https://productimages.coles.com.au/productimages/1/1837374.jpg",
    "price": 9.5,
    "quantity": 1,
    "unitPrice": 9.5
  },
  {
    "name": "Chicken Breast Dino Nuggets",
    "url": "https://www.coles.com.au/product/coles-chicken-breast-dino-nuggets-1kg-5746849",
    "img": "https://productimages.coles.com.au/productimages/5/5746849.jpg",
    "price": 9.5,
    "quantity": 1,
    "unitPrice": 9.5
  },
  {
    "name": "Amy's Kitchen Canned Soup Organic Lentil & Vegetable",
    "url": "https://www.woolworths.com.au/shop/productdetails/303700",
    "img": "https://cdn0.woolworths.media/content/wowproductimages/medium/303700.jpg",
    "price": 3.9,
    "quantity": 0.411,
    "unitPrice": 9.5
  },
  {
    "name": "Amy's Kitchen Canned Soup Organic Chunky Tomato Bisque",
    "url": "https://www.woolworths.com.au/shop/productdetails/348321",
    "img": "https://cdn0.woolworths.media/content/wowproductimages/medium/348321.jpg",
    "price": 3.9,
    "quantity": 0.411,
    "unitPrice": 9.5
  },
  {
    "name": "F. Whitlock & Sons Louisiana Style Gumbo",
    "url": "https://www.woolworths.com.au/shop/productdetails/274865",
    "img": "https://cdn0.woolworths.media/content/wowproductimages/medium/274865.jpg",
    "price": 4,
    "quantity": 0.42,
    "unitPrice": 9.5
  },
  {
    "name": "F. Whitlock & Sons Peri Peri Chicken Soup",
    "url": "https://www.woolworths.com.au/shop/productdetails/274907",
    "img": "https://cdn0.woolworths.media/content/wowproductimages/medium/274907.jpg",
    "price": 4,
    "quantity": 0.42,
    "unitPrice": 9.5
  },
  {
    "name": "F. Whitlock & Sons Moroccan Spiced Carrot & Lentil Soup",
    "url": "https://www.woolworths.com.au/shop/productdetails/274886",
    "img": "https://cdn0.woolworths.media/content/wowproductimages/medium/274886.jpg",
    "price": 4,
    "quantity": 0.42,
    "unitPrice": 9.5
  },
  {
    "name": "Mushrooms Cups Loose",
    "url": "https://www.woolworths.com.au/shop/productdetails/143109",
    "img": "https://cdn0.woolworths.media/content/wowproductimages/medium/143109.jpg",
    "price": 9.5,
    "quantity": 1,
    "unitPrice": 9.5
  },
  {
    "name": "Five:am Organic Yoghurt Vanilla Bean",
    "url": "https://www.woolworths.com.au/shop/productdetails/271778",
    "img": "https://cdn0.woolworths.media/content/wowproductimages/medium/271778.jpg",
    "price": 9.5,
    "quantity": 1,
    "unitPrice": 9.5
  },
  {
    "name": "Five:am Organic Yoghurt Mango",
    "url": "https://www.woolworths.com.au/shop/productdetails/272145",
    "img": "https://cdn0.woolworths.media/content/wowproductimages/medium/272145.jpg",
    "price": 9.5,
    "quantity": 1,
    "unitPrice": 9.5
  },
  {
    "name": "Five:am Organic Yoghurt Strawberry",
    "url": "https://www.woolworths.com.au/shop/productdetails/269086",
    "img": "https://cdn0.woolworths.media/content/wowproductimages/medium/269086.jpg",
    "price": 9.5,
    "quantity": 1,
    "unitPrice": 9.5
  },
  {
    "name": "Five:am Organic Yoghurt Honey & Cinnamon",
    "url": "https://www.woolworths.com.au/shop/productdetails/269085",
    "img": "https://cdn0.woolworths.media/content/wowproductimages/medium/269085.jpg",
    "price": 9.5,
    "quantity": 1,
    "unitPrice": 9.5
  },
  {
    "name": "Five:am Organic Yoghurt Passionfruit",
    "url": "https://www.woolworths.com.au/shop/productdetails/270820",
    "img": "https://cdn0.woolworths.media/content/wowproductimages/medium/270820.jpg",
    "price": 9.5,
    "quantity": 1,
    "unitPrice": 9.5
  },
  {
    "name": "Kikkoman Soy Sauce Soy",
    "url": "https://www.woolworths.com.au/shop/productdetails/4840",
    "img": "https://cdn0.woolworths.media/content/wowproductimages/medium/004840.jpg",
    "price": 9.5,
    "quantity": 1,
    "unitPrice": 9.5
  },
  {
    "name": "The Odd Bunch Mini Cucumber Punnet",
    "url": "https://www.woolworths.com.au/shop/productdetails/841564",
    "img": "https://cdn0.woolworths.media/content/wowproductimages/medium/841564.jpg",
    "price": 4.3,
    "quantity": 0.45,
    "unitPrice": 9.56
  },
  {
    "name": "Beautifully Butterfully Dairy Spread",
    "url": "https://www.aldi.com.au/en/groceries/fresh-produce/dairy-eggs/dairy-eggs-detail/ps/p/beautifully-butterfully-dairy-spread-500g/",
    "img": "https://www.aldi.com.au/fileadmin/_processed_/0/7/csm_1001829-2_Q1-WEB-AUDIT_DAIRY-EGGS_1x1_228x128_14_RET_2e8ddf19ca.png",
    "price": 4.79,
    "quantity": 0.499,
    "unitPrice": 9.6
  },
  {
    "name": "Smooth Ricotta",
    "url": "https://www.coles.com.au/product/coles-smooth-ricotta-375g-2212666",
    "img": "https://productimages.coles.com.au/productimages/2/2212666.jpg",
    "price": 3.6,
    "quantity": 0.375,
    "unitPrice": 9.6
  },
  {
    "name": "Light Ricotta",
    "url": "https://www.coles.com.au/product/coles-light-ricotta-375g-2212688",
    "img": "https://productimages.coles.com.au/productimages/2/2212688.jpg",
    "price": 3.6,
    "quantity": 0.375,
    "unitPrice": 9.6
  },
  {
    "name": "Greek Pita",
    "url": "https://www.coles.com.au/product/meb-greek-pita-375g-6201413",
    "img": "https://productimages.coles.com.au/productimages/6/6201413.jpg",
    "price": 3.6,
    "quantity": 0.375,
    "unitPrice": 9.6
  },
  {
    "name": "Homestyle Low Carb Loaf",
    "url": "https://www.coles.com.au/product/vitality-homestyle-low-carb-loaf-520g-3750426",
    "img": "https://productimages.coles.com.au/productimages/3/3750426.jpg",
    "price": 5,
    "quantity": 0.52,
    "unitPrice": 9.6
  },
  {
    "name": "Deli Cocktail Frankfurts",
    "url": "https://www.coles.com.au/product/primo-deli-cocktail-frankfurts-approx.-50g-each-499618",
    "img": "https://productimages.coles.com.au/productimages/4/499618.jpg",
    "price": 0.48,
    "quantity": 0.05,
    "unitPrice": 9.6
  },
  {
    "name": "Thin Frankfurts",
    "url": "https://www.coles.com.au/product/primo-thin-frankfurts-approx.-100g-7312850",
    "img": "https://productimages.coles.com.au/productimages/7/7312850.jpg",
    "price": 0.96,
    "quantity": 0.1,
    "unitPrice": 9.6
  },
  {
    "name": "Deli Cocktail Frankfurts",
    "url": "https://www.coles.com.au/product/primo-deli-cocktail-frankfurts-approx.-50g-each-499618",
    "img": "https://productimages.coles.com.au/productimages/4/499618.jpg",
    "price": 0.48,
    "quantity": 0.05,
    "unitPrice": 9.6
  },
  {
    "name": "Thin Frankfurts",
    "url": "https://www.coles.com.au/product/primo-thin-frankfurts-approx.-100g-7312850",
    "img": "https://productimages.coles.com.au/productimages/7/7312850.jpg",
    "price": 0.96,
    "quantity": 0.1,
    "unitPrice": 9.6
  },
  {
    "name": "Velvety Chocolate Cupcake Baking Mix",
    "url": "https://www.coles.com.au/product/green's-velvety-chocolate-cupcake-baking-mix-450g-1311141",
    "img": "https://productimages.coles.com.au/productimages/1/1311141.jpg",
    "price": 4.3,
    "quantity": 0.45,
    "unitPrice": 9.6
  },
  {
    "name": "Original Fruit Free Muesli",
    "url": "https://www.coles.com.au/product/carman's-original-fruit-free-muesli-500g-5792267",
    "img": "https://productimages.coles.com.au/productimages/5/5792267.jpg",
    "price": 4.8,
    "quantity": 0.5,
    "unitPrice": 9.6
  },
  {
    "name": "Classic Fruit & Nut Muesli",
    "url": "https://www.coles.com.au/product/carman's-classic-fruit-&-nut-muesli-500g-6920566",
    "img": "https://productimages.coles.com.au/productimages/6/6920566.jpg",
    "price": 4.8,
    "quantity": 0.5,
    "unitPrice": 9.6
  },
  {
    "name": "Ambient Dairy Sweetened Condensed Milk",
    "url": "https://www.coles.com.au/product/nestle-ambient-dairy-sweetened-condensed-milk-395g-4727612",
    "img": "https://productimages.coles.com.au/productimages/4/4727612.jpg",
    "price": 3.8,
    "quantity": 0.395,
    "unitPrice": 9.6
  },
  {
    "name": "Mango Pickle Hot",
    "url": "https://www.coles.com.au/product/mother's-recipe-mango-pickle-hot-500g-3335286",
    "img": "https://productimages.coles.com.au/productimages/3/3335286.jpg",
    "price": 4.8,
    "quantity": 0.5,
    "unitPrice": 9.6
  },
  {
    "name": "Mixed Pickle",
    "url": "https://www.coles.com.au/product/mother's-recipe-mixed-pickle-500g-3335300",
    "img": "https://productimages.coles.com.au/productimages/3/3335300.jpg",
    "price": 4.8,
    "quantity": 0.5,
    "unitPrice": 9.6
  },
  {
    "name": "Premium Sesame Seeds",
    "url": "https://www.coles.com.au/product/gaganis-premium-sesame-seeds-1kg-9781863",
    "img": "https://productimages.coles.com.au/productimages/9/9781863.jpg",
    "price": 9.6,
    "quantity": 1,
    "unitPrice": 9.6
  },
  {
    "name": "Tomato Paste",
    "url": "https://www.coles.com.au/product/leggo's-tomato-paste-500g-200156",
    "img": "https://productimages.coles.com.au/productimages/2/200156.jpg",
    "price": 4.8,
    "quantity": 0.5,
    "unitPrice": 9.6
  },
  {
    "name": "Moroccan Chicken Simmer Sauce",
    "url": "https://www.coles.com.au/product/masterfoods-moroccan-chicken-simmer-sauce-510g-1727536",
    "img": "https://productimages.coles.com.au/productimages/1/1727536.jpg",
    "price": 4.9,
    "quantity": 0.51,
    "unitPrice": 9.6
  },
  {
    "name": "French Style Cheesecake",
    "url": "https://www.coles.com.au/product/coles-french-style-cheesecake-450g-3890017",
    "img": "https://productimages.coles.com.au/productimages/3/3890017.jpg",
    "price": 4.3,
    "quantity": 0.45,
    "unitPrice": 9.6
  },
  {
    "name": "Chocolate Bavarian",
    "url": "https://www.coles.com.au/product/coles-chocolate-bavarian-450g-3890221",
    "img": "https://productimages.coles.com.au/productimages/3/3890221.jpg",
    "price": 4.3,
    "quantity": 0.45,
    "unitPrice": 9.6
  },
  {
    "name": "Lemon Curd Cheesecake",
    "url": "https://www.coles.com.au/product/coles-lemon-curd-cheesecake-450g-3890538",
    "img": "https://productimages.coles.com.au/productimages/3/3890538.jpg",
    "price": 4.3,
    "quantity": 0.45,
    "unitPrice": 9.6
  },
  {
    "name": "Party 30 Pack",
    "url": "https://www.coles.com.au/product/coles-party-30-pack-1.25kg-2733104",
    "img": "https://productimages.coles.com.au/productimages/2/2733104.jpg",
    "price": 12,
    "quantity": 1.25,
    "unitPrice": 9.6
  },
  {
    "name": "French Style Cheesecake",
    "url": "https://www.coles.com.au/product/coles-french-style-cheesecake-450g-3890017",
    "img": "https://productimages.coles.com.au/productimages/3/3890017.jpg",
    "price": 4.3,
    "quantity": 0.45,
    "unitPrice": 9.6
  },
  {
    "name": "Chocolate Bavarian",
    "url": "https://www.coles.com.au/product/coles-chocolate-bavarian-450g-3890221",
    "img": "https://productimages.coles.com.au/productimages/3/3890221.jpg",
    "price": 4.3,
    "quantity": 0.45,
    "unitPrice": 9.6
  },
  {
    "name": "Lemon Curd Cheesecake",
    "url": "https://www.coles.com.au/product/coles-lemon-curd-cheesecake-450g-3890538",
    "img": "https://productimages.coles.com.au/productimages/3/3890538.jpg",
    "price": 4.3,
    "quantity": 0.45,
    "unitPrice": 9.6
  },
  {
    "name": "Party 30 Pack",
    "url": "https://www.coles.com.au/product/coles-party-30-pack-1.25kg-2733104",
    "img": "https://productimages.coles.com.au/productimages/2/2733104.jpg",
    "price": 12,
    "quantity": 1.25,
    "unitPrice": 9.6
  },
  {
    "name": "Guzzi's Golden Pasta Gnocchi Potato Dry",
    "url": "https://www.woolworths.com.au/shop/productdetails/15458",
    "img": "https://cdn0.woolworths.media/content/wowproductimages/medium/015458.jpg",
    "price": 4.8,
    "quantity": 0.5,
    "unitPrice": 9.6
  },
  {
    "name": "Ever Green Chow Mein Noodles",
    "url": "https://www.woolworths.com.au/shop/productdetails/35996",
    "img": "https://cdn0.woolworths.media/content/wowproductimages/medium/035996.jpg",
    "price": 2.7,
    "quantity": 0.28,
    "unitPrice": 9.6
  },
  {
    "name": "Nestle Sweetened Condensed Milk",
    "url": "https://www.woolworths.com.au/shop/productdetails/105914",
    "img": "https://cdn0.woolworths.media/content/wowproductimages/medium/105914.jpg",
    "price": 3.8,
    "quantity": 0.395,
    "unitPrice": 9.6
  },
  {
    "name": "Cornwell's Organic Apple Cider Vinegar",
    "url": "https://www.woolworths.com.au/shop/productdetails/694836",
    "img": "https://cdn0.woolworths.media/content/wowproductimages/medium/694836.jpg",
    "price": 4.8,
    "quantity": 0.5,
    "unitPrice": 9.6
  },
  {
    "name": "Amy's Kitchen Organic Indian Golden Lentil Soup",
    "url": "https://www.woolworths.com.au/shop/productdetails/857555",
    "img": "https://cdn0.woolworths.media/content/wowproductimages/medium/857555.jpg",
    "price": 3.9,
    "quantity": 0.408,
    "unitPrice": 9.6
  },
  {
    "name": "Amy's Kitchen Hearty Organic Quinoa, Kale & Red Lentil Soup",
    "url": "https://www.woolworths.com.au/shop/productdetails/198160",
    "img": "https://cdn0.woolworths.media/content/wowproductimages/medium/198160.jpg",
    "price": 3.9,
    "quantity": 0.408,
    "unitPrice": 9.6
  },
  {
    "name": "Amy's Kitchen Canned Organic Minestrone Soup",
    "url": "https://www.woolworths.com.au/shop/productdetails/198861",
    "img": "https://cdn0.woolworths.media/content/wowproductimages/medium/198861.jpg",
    "price": 3.9,
    "quantity": 0.405,
    "unitPrice": 9.6
  },
  {
    "name": "Nestle Sweetened Condensed Milk",
    "url": "https://www.woolworths.com.au/shop/productdetails/105914",
    "img": "https://cdn0.woolworths.media/content/wowproductimages/medium/105914.jpg",
    "price": 3.8,
    "quantity": 0.395,
    "unitPrice": 9.6
  },
  {
    "name": "Guzzi's Golden Pasta Gnocchi Potato Dry",
    "url": "https://www.woolworths.com.au/shop/productdetails/15458",
    "img": "https://cdn0.woolworths.media/content/wowproductimages/medium/015458.jpg",
    "price": 4.8,
    "quantity": 0.5,
    "unitPrice": 9.6
  },
  {
    "name": "Don Cocktail Frankfurts From The Deli",
    "url": "https://www.woolworths.com.au/shop/productdetails/741794",
    "img": "https://cdn0.woolworths.media/content/wowproductimages/medium/741794.jpg",
    "price": 9.6,
    "quantity": 1,
    "unitPrice": 9.6
  },
  {
    "name": "Don Thin Frankfurts From The Deli",
    "url": "https://www.woolworths.com.au/shop/productdetails/741872",
    "img": "https://cdn0.woolworths.media/content/wowproductimages/medium/741872.jpg",
    "price": 9.6,
    "quantity": 1,
    "unitPrice": 9.6
  },
  {
    "name": "Health Rite Vegetable Salt",
    "url": "https://www.woolworths.com.au/shop/productdetails/56866",
    "img": "https://cdn0.woolworths.media/content/wowproductimages/medium/056866.jpg",
    "price": 2.4,
    "quantity": 0.25,
    "unitPrice": 9.6
  },
  {
    "name": "Nestle Milo Duo Breakfast Cereal",
    "url": "https://www.woolworths.com.au/shop/productdetails/319318",
    "img": "https://cdn0.woolworths.media/content/wowproductimages/medium/319318.jpg",
    "price": 3.25,
    "quantity": 0.34,
    "unitPrice": 9.6
  },
  {
    "name": "Carman's Wheat Free Australian Oats",
    "url": "https://www.woolworths.com.au/shop/productdetails/208410",
    "img": "https://cdn0.woolworths.media/content/wowproductimages/medium/208410.jpg",
    "price": 4.8,
    "quantity": 0.5,
    "unitPrice": 9.6
  },
  {
    "name": "Uncle Tobys Plus Cereal Cranberries & Blueberries",
    "url": "https://www.woolworths.com.au/shop/productdetails/387127",
    "img": "https://cdn0.woolworths.media/content/wowproductimages/medium/387127.jpg",
    "price": 11,
    "quantity": 1.15,
    "unitPrice": 9.6
  },
  {
    "name": "Leggo's Tomato Paste",
    "url": "https://www.woolworths.com.au/shop/productdetails/38640",
    "img": "https://cdn0.woolworths.media/content/wowproductimages/medium/038640.jpg",
    "price": 4.8,
    "quantity": 0.5,
    "unitPrice": 9.6
  },
  {
    "name": "Leggo's Tomato Paste No Added Salt",
    "url": "https://www.woolworths.com.au/shop/productdetails/85045",
    "img": "https://cdn0.woolworths.media/content/wowproductimages/medium/085045.jpg",
    "price": 4.8,
    "quantity": 0.5,
    "unitPrice": 9.6
  },
  {
    "name": "La Molisana Pomodoro Extra Di Lusso Sugo Al Basilico",
    "url": "https://www.woolworths.com.au/shop/productdetails/138233",
    "img": "https://cdn0.woolworths.media/content/wowproductimages/medium/138233.jpg",
    "price": 3.25,
    "quantity": 0.34,
    "unitPrice": 9.6
  },
  {
    "name": "La Molisana Pomodoro Extra Di Lusso Arrabbiata",
    "url": "https://www.woolworths.com.au/shop/productdetails/138224",
    "img": "https://cdn0.woolworths.media/content/wowproductimages/medium/138224.jpg",
    "price": 3.25,
    "quantity": 0.34,
    "unitPrice": 9.6
  },
  {
    "name": "Green's Temptations Chocolate Cupcake Mix",
    "url": "https://www.woolworths.com.au/shop/productdetails/85691",
    "img": "https://cdn0.woolworths.media/content/wowproductimages/medium/085691.jpg",
    "price": 4.3,
    "quantity": 0.45,
    "unitPrice": 9.6
  },
  {
    "name": "Sunbeam Sultanas",
    "url": "https://www.woolworths.com.au/shop/productdetails/39731",
    "img": "https://cdn0.woolworths.media/content/wowproductimages/medium/039731.jpg",
    "price": 3.6,
    "quantity": 0.375,
    "unitPrice": 9.6
  },
  {
    "name": "Original Mushy Peas",
    "url": "https://www.coles.com.au/product/batchelors-original-mushy-peas-300g-5417199",
    "img": "https://productimages.coles.com.au/productimages/5/5417199.jpg",
    "price": 2.9,
    "quantity": 0.3,
    "unitPrice": 9.67
  },
  {
    "name": "Chip Shop Style Mushy Peas",
    "url": "https://www.coles.com.au/product/batchelors-chip-shop-style-mushy-peas-300g-5417202",
    "img": "https://productimages.coles.com.au/productimages/5/5417202.jpg",
    "price": 2.9,
    "quantity": 0.3,
    "unitPrice": 9.67
  },
  {
    "name": "Buttery Blend Original",
    "url": "https://www.coles.com.au/product/coles-dairy-buttery-blend-original-500g-5469035",
    "img": "https://productimages.coles.com.au/productimages/5/5469035.jpg",
    "price": 4.85,
    "quantity": 0.5,
    "unitPrice": 9.7
  },
  {
    "name": "Vanilla Bean Rice Pudding 2x170g",
    "url": "https://www.coles.com.au/product/wicked-sister-vanilla-bean-rice-pudding-2x170g-340g-2367389",
    "img": "https://productimages.coles.com.au/productimages/2/2367389.jpg",
    "price": 3.3,
    "quantity": 0.34,
    "unitPrice": 9.7
  },
  {
    "name": "Spreadable Dairy Blend",
    "url": "https://www.coles.com.au/product/coles-spreadable-dairy-blend-750g-4655180",
    "img": "https://productimages.coles.com.au/productimages/4/4655180.jpg",
    "price": 7.3,
    "quantity": 0.75,
    "unitPrice": 9.7
  },
  {
    "name": "Salt Reduced Wraps 8 pack",
    "url": "https://www.coles.com.au/product/mission-salt-reduced-wraps-8-pack-567g-3639597",
    "img": "https://productimages.coles.com.au/productimages/3/3639597.jpg",
    "price": 5.5,
    "quantity": 0.567,
    "unitPrice": 9.7
  },
  {
    "name": "Original Wraps 8 pack",
    "url": "https://www.coles.com.au/product/mission-original-wraps-8-pack-567g-6955662",
    "img": "https://productimages.coles.com.au/productimages/6/6955662.jpg",
    "price": 5.5,
    "quantity": 0.567,
    "unitPrice": 9.7
  },
  {
    "name": "Roasted Garlic Wraps 8 pack",
    "url": "https://www.coles.com.au/product/mission-roasted-garlic-wraps-8-pack-567g-6955673",
    "img": "https://productimages.coles.com.au/productimages/6/6955673.jpg",
    "price": 5.5,
    "quantity": 0.567,
    "unitPrice": 9.7
  },
  {
    "name": "Spinach & Herb Wraps 8 pack",
    "url": "https://www.coles.com.au/product/mission-spinach-&-herb-wraps-8-pack-567g-7620921",
    "img": "https://productimages.coles.com.au/productimages/7/7620921.jpg",
    "price": 5.5,
    "quantity": 0.567,
    "unitPrice": 9.7
  },
  {
    "name": "Wholegrain Wraps 8 pack",
    "url": "https://www.coles.com.au/product/mission-wholegrain-wraps-8-pack-567g-7863480",
    "img": "https://productimages.coles.com.au/productimages/7/7863480.jpg",
    "price": 5.5,
    "quantity": 0.567,
    "unitPrice": 9.7
  },
  {
    "name": "Lite Wrap 8 pack",
    "url": "https://www.coles.com.au/product/mission-lite-wrap-8-pack-567g-8636359",
    "img": "https://productimages.coles.com.au/productimages/8/8636359.jpg",
    "price": 5.5,
    "quantity": 0.567,
    "unitPrice": 9.7
  },
  {
    "name": "Jam Lamingtons 6 Pack",
    "url": "https://www.coles.com.au/product/coles-bakery-jam-lamingtons-6-pack-350g-1898903",
    "img": "https://productimages.coles.com.au/productimages/1/1898903.jpg",
    "price": 3.4,
    "quantity": 0.35,
    "unitPrice": 9.7
  },
  {
    "name": "Lamington Fingers 18 pack",
    "url": "https://www.coles.com.au/product/coles-bakery-lamington-fingers-18-pack-350g-7545928",
    "img": "https://productimages.coles.com.au/productimages/7/7545928.jpg",
    "price": 3.4,
    "quantity": 0.35,
    "unitPrice": 9.7
  },
  {
    "name": "Bagels Plain 4 pack",
    "url": "https://www.coles.com.au/product/coles-bagels-plain-4-pack-360g-3362960",
    "img": "https://productimages.coles.com.au/productimages/3/3362960.jpg",
    "price": 3.5,
    "quantity": 0.36,
    "unitPrice": 9.7
  },
  {
    "name": "BAGEL SESAME 4 PACK",
    "url": "https://www.coles.com.au/product/coles-bagel-sesame-4-pack-360g-3362970",
    "img": "https://productimages.coles.com.au/productimages/3/3362970.jpg",
    "price": 3.5,
    "quantity": 0.36,
    "unitPrice": 9.7
  },
  {
    "name": "Christmas Fruit Mince Pies 6 Pack",
    "url": "https://www.coles.com.au/product/coles-christmas-fruit-mince-pies-6-pack-360g-3520517",
    "img": "https://productimages.coles.com.au/productimages/3/3520517.jpg",
    "price": 3.5,
    "quantity": 0.36,
    "unitPrice": 9.7
  },
  {
    "name": "Honey Mustard Chicken Simmer Sauce",
    "url": "https://www.coles.com.au/product/masterfoods-honey-mustard-chicken-simmer-sauce-505g-1727489",
    "img": "https://productimages.coles.com.au/productimages/1/1727489.jpg",
    "price": 4.9,
    "quantity": 0.505,
    "unitPrice": 9.7
  },
  {
    "name": "Meals Satay Chicken",
    "url": "https://www.coles.com.au/product/coles-meals-satay-chicken-375g-1307359",
    "img": "https://productimages.coles.com.au/productimages/1/1307359.jpg",
    "price": 3.65,
    "quantity": 0.375,
    "unitPrice": 9.7
  },
  {
    "name": "Chicken Fettuccine Carbonara",
    "url": "https://www.coles.com.au/product/coles-chicken-fettuccine-carbonara-375g-2742025",
    "img": "https://productimages.coles.com.au/productimages/2/2742025.jpg",
    "price": 3.65,
    "quantity": 0.375,
    "unitPrice": 9.7
  },
  {
    "name": "Mi Goreng",
    "url": "https://www.coles.com.au/product/coles-mi-goreng-375g-3218136",
    "img": "https://productimages.coles.com.au/productimages/3/3218136.jpg",
    "price": 3.65,
    "quantity": 0.375,
    "unitPrice": 9.7
  },
  {
    "name": "Veg Pad Thai",
    "url": "https://www.coles.com.au/product/coles-veg-pad-thai-375g-3218169",
    "img": "https://productimages.coles.com.au/productimages/3/3218169.jpg",
    "price": 3.65,
    "quantity": 0.375,
    "unitPrice": 9.7
  },
  {
    "name": "Sweet Potato Cottage Pie",
    "url": "https://www.coles.com.au/product/coles-sweet-potato-cottage-pie-375g-3230914",
    "img": "https://productimages.coles.com.au/productimages/3/3230914.jpg",
    "price": 3.65,
    "quantity": 0.375,
    "unitPrice": 9.7
  },
  {
    "name": "Pesto Pasta & Fetta",
    "url": "https://www.coles.com.au/product/coles-pesto-pasta-&-fetta-375g-3480398",
    "img": "https://productimages.coles.com.au/productimages/3/3480398.jpg",
    "price": 3.65,
    "quantity": 0.375,
    "unitPrice": 9.7
  },
  {
    "name": "Frozen Convenience Meal Beef Lasagne",
    "url": "https://www.coles.com.au/product/coles-frozen-convenience-meal-beef-lasagne-375g-6115592",
    "img": "https://productimages.coles.com.au/productimages/6/6115592.jpg",
    "price": 3.65,
    "quantity": 0.375,
    "unitPrice": 9.7
  },
  {
    "name": "Frozen Convenience Meal Spaghetti Bolognese",
    "url": "https://www.coles.com.au/product/coles-frozen-convenience-meal-spaghetti-bolognese-375g-6115683",
    "img": "https://productimages.coles.com.au/productimages/6/6115683.jpg",
    "price": 3.65,
    "quantity": 0.375,
    "unitPrice": 9.7
  },
  {
    "name": "Frozen Convenience Meal With Macaroni Cheese",
    "url": "https://www.coles.com.au/product/coles-frozen-convenience-meal-with-macaroni-cheese-375g-6115708",
    "img": "https://productimages.coles.com.au/productimages/6/6115708.jpg",
    "price": 3.65,
    "quantity": 0.375,
    "unitPrice": 9.7
  },
  {
    "name": "RSPCA Approved Butter Chicken With Long Grain Rice",
    "url": "https://www.coles.com.au/product/coles-rspca-approved-butter-chicken-with-long-grain-rice-375g-6388121",
    "img": "https://productimages.coles.com.au/productimages/6/6388121.jpg",
    "price": 3.65,
    "quantity": 0.375,
    "unitPrice": 9.7
  },
  {
    "name": "RSPCA Approved Thai Green Chicken Curry with Long Grain Rice",
    "url": "https://www.coles.com.au/product/coles-rspca-approved-thai-green-chicken-curry-with-long-grain-rice-375g-6388256",
    "img": "https://productimages.coles.com.au/productimages/6/6388256.jpg",
    "price": 3.65,
    "quantity": 0.375,
    "unitPrice": 9.7
  },
  {
    "name": "Frozen Convenience Meal Shepherds Pie",
    "url": "https://www.coles.com.au/product/coles-frozen-convenience-meal-shepherds-pie-375g-6392672",
    "img": "https://productimages.coles.com.au/productimages/6/6392672.jpg",
    "price": 3.65,
    "quantity": 0.375,
    "unitPrice": 9.7
  },
  {
    "name": "Japanese Style Vegetable Curry",
    "url": "https://www.coles.com.au/product/coles-japanese-style-vegetable-curry-375g-6630340",
    "img": "https://productimages.coles.com.au/productimages/6/6630340.jpg",
    "price": 3.65,
    "quantity": 0.375,
    "unitPrice": 9.7
  },
  {
    "name": "Lamb Hot Pot",
    "url": "https://www.coles.com.au/product/coles-lamb-hot-pot-375g-6630362",
    "img": "https://productimages.coles.com.au/productimages/6/6630362.jpg",
    "price": 3.65,
    "quantity": 0.375,
    "unitPrice": 9.7
  },
  {
    "name": "Convenience Meals Tuna Bake",
    "url": "https://www.coles.com.au/product/coles-convenience-meals-tuna-bake-375g-7147109",
    "img": "https://productimages.coles.com.au/productimages/7/7147109.jpg",
    "price": 3.65,
    "quantity": 0.375,
    "unitPrice": 9.7
  },
  {
    "name": "Meals Satay Chicken",
    "url": "https://www.coles.com.au/product/coles-meals-satay-chicken-375g-1307359",
    "img": "https://productimages.coles.com.au/productimages/1/1307359.jpg",
    "price": 3.65,
    "quantity": 0.375,
    "unitPrice": 9.7
  },
  {
    "name": "Chicken Fettuccine Carbonara",
    "url": "https://www.coles.com.au/product/coles-chicken-fettuccine-carbonara-375g-2742025",
    "img": "https://productimages.coles.com.au/productimages/2/2742025.jpg",
    "price": 3.65,
    "quantity": 0.375,
    "unitPrice": 9.7
  },
  {
    "name": "Mi Goreng",
    "url": "https://www.coles.com.au/product/coles-mi-goreng-375g-3218136",
    "img": "https://productimages.coles.com.au/productimages/3/3218136.jpg",
    "price": 3.65,
    "quantity": 0.375,
    "unitPrice": 9.7
  },
  {
    "name": "Veg Pad Thai",
    "url": "https://www.coles.com.au/product/coles-veg-pad-thai-375g-3218169",
    "img": "https://productimages.coles.com.au/productimages/3/3218169.jpg",
    "price": 3.65,
    "quantity": 0.375,
    "unitPrice": 9.7
  },
  {
    "name": "Sweet Potato Cottage Pie",
    "url": "https://www.coles.com.au/product/coles-sweet-potato-cottage-pie-375g-3230914",
    "img": "https://productimages.coles.com.au/productimages/3/3230914.jpg",
    "price": 3.65,
    "quantity": 0.375,
    "unitPrice": 9.7
  },
  {
    "name": "Pesto Pasta & Fetta",
    "url": "https://www.coles.com.au/product/coles-pesto-pasta-&-fetta-375g-3480398",
    "img": "https://productimages.coles.com.au/productimages/3/3480398.jpg",
    "price": 3.65,
    "quantity": 0.375,
    "unitPrice": 9.7
  },
  {
    "name": "Frozen Convenience Meal Beef Lasagne",
    "url": "https://www.coles.com.au/product/coles-frozen-convenience-meal-beef-lasagne-375g-6115592",
    "img": "https://productimages.coles.com.au/productimages/6/6115592.jpg",
    "price": 3.65,
    "quantity": 0.375,
    "unitPrice": 9.7
  },
  {
    "name": "Frozen Convenience Meal Spaghetti Bolognese",
    "url": "https://www.coles.com.au/product/coles-frozen-convenience-meal-spaghetti-bolognese-375g-6115683",
    "img": "https://productimages.coles.com.au/productimages/6/6115683.jpg",
    "price": 3.65,
    "quantity": 0.375,
    "unitPrice": 9.7
  },
  {
    "name": "Frozen Convenience Meal With Macaroni Cheese",
    "url": "https://www.coles.com.au/product/coles-frozen-convenience-meal-with-macaroni-cheese-375g-6115708",
    "img": "https://productimages.coles.com.au/productimages/6/6115708.jpg",
    "price": 3.65,
    "quantity": 0.375,
    "unitPrice": 9.7
  },
  {
    "name": "Campbell's Real Soup Immunity Pumpkin With Tumeric",
    "url": "https://www.woolworths.com.au/shop/productdetails/204111",
    "img": "https://cdn0.woolworths.media/content/wowproductimages/medium/204111.jpg",
    "price": 5,
    "quantity": 0.515,
    "unitPrice": 9.7
  },
  {
    "name": "Campbell's Real Soup Energy Tomato & Basil With Lentils",
    "url": "https://www.woolworths.com.au/shop/productdetails/203813",
    "img": "https://cdn0.woolworths.media/content/wowproductimages/medium/203813.jpg",
    "price": 5,
    "quantity": 0.515,
    "unitPrice": 9.7
  },
  {
    "name": "Campbell's Real Soup Digest Sweet Potato & Carrot With Coconut",
    "url": "https://www.woolworths.com.au/shop/productdetails/203550",
    "img": "https://cdn0.woolworths.media/content/wowproductimages/medium/203550.jpg",
    "price": 5,
    "quantity": 0.515,
    "unitPrice": 9.7
  },
  {
    "name": "Marion's Kitchen Coconut Sriracha",
    "url": "https://www.woolworths.com.au/shop/productdetails/97063",
    "img": "https://cdn0.woolworths.media/content/wowproductimages/medium/097063.jpg",
    "price": 3.5,
    "quantity": 0.36,
    "unitPrice": 9.7
  },
  {
    "name": "Tuna In Springwater",
    "url": "https://www.coles.com.au/product/coles-tuna-in-springwater-185g-3544130",
    "img": "https://productimages.coles.com.au/productimages/3/3544130.jpg",
    "price": 1.8,
    "quantity": 0.185,
    "unitPrice": 9.73
  },
  {
    "name": "Vegetable Oil Tuna",
    "url": "https://www.coles.com.au/product/coles-vegetable-oil-tuna-185g-5904994",
    "img": "https://productimages.coles.com.au/productimages/5/5904994.jpg",
    "price": 1.8,
    "quantity": 0.185,
    "unitPrice": 9.73
  },
  {
    "name": "Essentials Tuna Chunks In Spring Water",
    "url": "https://www.woolworths.com.au/shop/productdetails/178887",
    "img": "https://cdn0.woolworths.media/content/wowproductimages/medium/178887.jpg",
    "price": 1.8,
    "quantity": 0.185,
    "unitPrice": 9.73
  },
  {
    "name": "Essentials Tuna In Oil",
    "url": "https://www.woolworths.com.au/shop/productdetails/94681",
    "img": "https://cdn0.woolworths.media/content/wowproductimages/medium/094681.jpg",
    "price": 1.8,
    "quantity": 0.185,
    "unitPrice": 9.73
  },
  {
    "name": "Zymil Chocolate Flavoured Milk",
    "url": "https://www.coles.com.au/product/pauls-zymil-chocolate-flavoured-milk-400ml-3187724",
    "img": "https://productimages.coles.com.au/productimages/3/3187724.jpg",
    "price": 3.9,
    "quantity": 0.4,
    "unitPrice": 9.75
  },
  {
    "name": "Pauls Zymil Chocolate",
    "url": "https://www.woolworths.com.au/shop/productdetails/667992",
    "img": "https://cdn0.woolworths.media/content/wowproductimages/medium/667992.jpg",
    "price": 3.9,
    "quantity": 0.4,
    "unitPrice": 9.75
  },
  {
    "name": "Pauls Zymil Coffee",
    "url": "https://www.woolworths.com.au/shop/productdetails/121501",
    "img": "https://cdn0.woolworths.media/content/wowproductimages/medium/121501.jpg",
    "price": 3.9,
    "quantity": 0.4,
    "unitPrice": 9.75
  },
  {
    "name": "Guava Halves In Syrup",
    "url": "https://www.coles.com.au/product/koo-guava-halves-in-syrup-410g-4369895",
    "img": "https://productimages.coles.com.au/productimages/4/4369895.jpg",
    "price": 4,
    "quantity": 0.41,
    "unitPrice": 9.76
  },
  {
    "name": "Pineapple Crushed in Syrup",
    "url": "https://www.coles.com.au/product/golden-circle-pineapple-crushed-in-syrup-450g-117755",
    "img": "https://productimages.coles.com.au/productimages/1/117755.jpg",
    "price": 4.4,
    "quantity": 0.45,
    "unitPrice": 9.78
  },
  {
    "name": "Australian Pineapple Pieces In Syrup",
    "url": "https://www.coles.com.au/product/golden-circle--australian-pineapple-pieces-in-syrup-450g-117766",
    "img": "https://productimages.coles.com.au/productimages/1/117766.jpg",
    "price": 4.4,
    "quantity": 0.45,
    "unitPrice": 9.78
  },
  {
    "name": "Canned Pineapple Slices In Syrup",
    "url": "https://www.coles.com.au/product/golden-circle-canned-pineapple-slices-in-syrup-450g-117777",
    "img": "https://productimages.coles.com.au/productimages/1/117777.jpg",
    "price": 4.4,
    "quantity": 0.45,
    "unitPrice": 9.78
  },
  {
    "name": "Fire Roasted Red Peppers",
    "url": "https://www.coles.com.au/product/tragano-fire-roasted-red-peppers-480g-1020080",
    "img": "https://productimages.coles.com.au/productimages/1/1020080.jpg",
    "price": 4.7,
    "quantity": 0.48,
    "unitPrice": 9.79
  },
  {
    "name": "Light Thickened Cooking Cream",
    "url": "https://www.coles.com.au/product/bulla-light-thickened-cooking-cream-300ml-5823407",
    "img": "https://productimages.coles.com.au/productimages/5/5823407.jpg",
    "price": 2.95,
    "quantity": 0.3,
    "unitPrice": 9.8
  },
  {
    "name": "Triple Chocolate Fudge Brownie Mix",
    "url": "https://www.coles.com.au/product/betty-crocker-triple-chocolate-fudge-brownie-mix-500g-4525640",
    "img": "https://productimages.coles.com.au/productimages/4/4525640.jpg",
    "price": 4.9,
    "quantity": 0.5,
    "unitPrice": 9.8
  },
  {
    "name": "Frosted Chocolate Brownie Mix",
    "url": "https://www.coles.com.au/product/betty-crocker-frosted-chocolate-brownie-mix-500g-6432019",
    "img": "https://productimages.coles.com.au/productimages/6/6432019.jpg",
    "price": 4.9,
    "quantity": 0.5,
    "unitPrice": 9.8
  },
  {
    "name": "Cinnamon Crumble Muffin Mix",
    "url": "https://www.coles.com.au/product/betty-crocker-cinnamon-crumble-muffin-mix-500g-8622004",
    "img": "https://productimages.coles.com.au/productimages/8/8622004.jpg",
    "price": 4.9,
    "quantity": 0.5,
    "unitPrice": 9.8
  },
  {
    "name": "Apple & Cinnamon Muffin Mix Low Fat",
    "url": "https://www.coles.com.au/product/betty-crocker-apple-&-cinnamon-muffin-mix-low-fat-500g-9491207",
    "img": "https://productimages.coles.com.au/productimages/9/9491207.jpg",
    "price": 4.9,
    "quantity": 0.5,
    "unitPrice": 9.8
  },
  {
    "name": "Triple Chocolate Muffin Mix",
    "url": "https://www.coles.com.au/product/betty-crocker-triple-chocolate-muffin-mix-500g-9491251",
    "img": "https://productimages.coles.com.au/productimages/9/9491251.jpg",
    "price": 4.9,
    "quantity": 0.5,
    "unitPrice": 9.8
  },
  {
    "name": "Glucose Syrup",
    "url": "https://www.coles.com.au/product/queen-glucose-syrup-500g-9790263",
    "img": "https://productimages.coles.com.au/productimages/9/9790263.jpg",
    "price": 4.9,
    "quantity": 0.5,
    "unitPrice": 9.8
  },
  {
    "name": "Regular Coconut Cream",
    "url": "https://www.coles.com.au/product/ayam-regular-coconut-cream-400ml-3753559",
    "img": "https://productimages.coles.com.au/productimages/3/3753559.jpg",
    "price": 3.9,
    "quantity": 0.4,
    "unitPrice": 9.8
  },
  {
    "name": "Regular Coconut Milk",
    "url": "https://www.coles.com.au/product/ayam-regular-coconut-milk-400ml-3753560",
    "img": "https://productimages.coles.com.au/productimages/3/3753560.jpg",
    "price": 3.9,
    "quantity": 0.4,
    "unitPrice": 9.8
  },
  {
    "name": "Stir Fry Vegetarian Sauce",
    "url": "https://www.coles.com.au/product/lee-kum-kee-stir-fry-vegetarian-sauce-510g-8045658",
    "img": "https://productimages.coles.com.au/productimages/8/8045658.jpg",
    "price": 5,
    "quantity": 0.51,
    "unitPrice": 9.8
  },
  {
    "name": "Curried Sausages Cooking Sauce",
    "url": "https://www.coles.com.au/product/masterfoods-curried-sausages-cooking-sauce-500g-2395351",
    "img": "https://productimages.coles.com.au/productimages/2/2395351.jpg",
    "price": 4.9,
    "quantity": 0.5,
    "unitPrice": 9.8
  },
  {
    "name": "Nonna'S Pasta Sauce Bolognese",
    "url": "https://www.coles.com.au/product/dolmio-nonna's-pasta-sauce-bolognese-500g-3946790",
    "img": "https://productimages.coles.com.au/productimages/3/3946790.jpg",
    "price": 4.9,
    "quantity": 0.5,
    "unitPrice": 9.8
  },
  {
    "name": "Nonna'S Pasta Sauce Roast Garlic",
    "url": "https://www.coles.com.au/product/dolmio-nonna's-pasta-sauce-roast-garlic-500g-3946814",
    "img": "https://productimages.coles.com.au/productimages/3/3946814.jpg",
    "price": 4.9,
    "quantity": 0.5,
    "unitPrice": 9.8
  },
  {
    "name": "Wonder Dairy Blend Vitamins & Omega - 3 Spread",
    "url": "https://www.woolworths.com.au/shop/productdetails/290652",
    "img": "https://cdn0.woolworths.media/content/wowproductimages/medium/290652.jpg",
    "price": 3.9,
    "quantity": 0.4,
    "unitPrice": 9.8
  },
  {
    "name": "Wonder Dairy Free Vitamins & Omega - 3 Spread",
    "url": "https://www.woolworths.com.au/shop/productdetails/288050",
    "img": "https://cdn0.woolworths.media/content/wowproductimages/medium/288050.jpg",
    "price": 3.9,
    "quantity": 0.4,
    "unitPrice": 9.8
  },
  {
    "name": "Amy's Kitchen Organic Vegetable Barley Soup",
    "url": "https://www.woolworths.com.au/shop/productdetails/303731",
    "img": "https://cdn0.woolworths.media/content/wowproductimages/medium/303731.jpg",
    "price": 3.9,
    "quantity": 0.4,
    "unitPrice": 9.8
  },
  {
    "name": "Amy's Kitchen Soup Split Pea",
    "url": "https://www.woolworths.com.au/shop/productdetails/303727",
    "img": "https://cdn0.woolworths.media/content/wowproductimages/medium/303727.jpg",
    "price": 3.9,
    "quantity": 0.4,
    "unitPrice": 9.8
  },
  {
    "name": "Zucchini Green Punnet",
    "url": "https://www.woolworths.com.au/shop/productdetails/839552",
    "img": "https://cdn0.woolworths.media/content/wowproductimages/medium/839552.jpg",
    "price": 4.9,
    "quantity": 0.5,
    "unitPrice": 9.8
  },
  {
    "name": "Masterfoods Aussie Farmers Tomato Sauce",
    "url": "https://www.woolworths.com.au/shop/productdetails/387350",
    "img": "https://cdn0.woolworths.media/content/wowproductimages/medium/387350.jpg",
    "price": 4.9,
    "quantity": 0.5,
    "unitPrice": 9.8
  },
  {
    "name": "Masterfoods Hidden Vegetable Tomato Sauce",
    "url": "https://www.woolworths.com.au/shop/productdetails/387435",
    "img": "https://cdn0.woolworths.media/content/wowproductimages/medium/387435.jpg",
    "price": 4.9,
    "quantity": 0.5,
    "unitPrice": 9.8
  },
  {
    "name": "White Wings Vanilla Cake Mix",
    "url": "https://www.woolworths.com.au/shop/productdetails/454608",
    "img": "https://cdn0.woolworths.media/content/wowproductimages/medium/454608.jpg",
    "price": 5,
    "quantity": 0.51,
    "unitPrice": 9.8
  },
  {
    "name": "Queen Glucose Syrup",
    "url": "https://www.woolworths.com.au/shop/productdetails/202407",
    "img": "https://cdn0.woolworths.media/content/wowproductimages/medium/202407.jpg",
    "price": 4.9,
    "quantity": 0.5,
    "unitPrice": 9.8
  },
  {
    "name": "Superfruit Pitted Prunes",
    "url": "https://www.woolworths.com.au/shop/productdetails/173497",
    "img": "https://cdn0.woolworths.media/content/wowproductimages/medium/173497.jpg",
    "price": 2.45,
    "quantity": 0.25,
    "unitPrice": 9.8
  },
  {
    "name": "Oak Chocolate Milk",
    "url": "https://www.woolworths.com.au/shop/productdetails/757139",
    "img": "https://cdn0.woolworths.media/content/wowproductimages/medium/757139.jpg",
    "price": 2.95,
    "quantity": 0.3,
    "unitPrice": 9.83
  },
  {
    "name": "Oak Strawberry Flavoured Milk",
    "url": "https://www.woolworths.com.au/shop/productdetails/757154",
    "img": "https://cdn0.woolworths.media/content/wowproductimages/medium/757154.jpg",
    "price": 2.95,
    "quantity": 0.3,
    "unitPrice": 9.83
  },
  {
    "name": "Hunt And Brew Cold Brew Coffee Brazil",
    "url": "https://www.woolworths.com.au/shop/productdetails/621268",
    "img": "https://cdn0.woolworths.media/content/wowproductimages/medium/621268.jpg",
    "price": 3.95,
    "quantity": 0.4,
    "unitPrice": 9.88
  },
  {
    "name": "Hunt And Brew Peru Mocha Coffee Milk Drink",
    "url": "https://www.woolworths.com.au/shop/productdetails/240376",
    "img": "https://cdn0.woolworths.media/content/wowproductimages/medium/240376.jpg",
    "price": 3.95,
    "quantity": 0.4,
    "unitPrice": 9.88
  },
  {
    "name": "White Seedless Grapes Loose",
    "url": "https://www.coles.com.au/product/coles-white-seedless-grapes-loose-approx.-900g-each-6706395",
    "img": "https://productimages.coles.com.au/productimages/6/6706395.jpg",
    "price": 8.91,
    "quantity": 0.9,
    "unitPrice": 9.9
  },
  {
    "name": "Chunky Minestrone Soup",
    "url": "https://www.coles.com.au/product/dari's-chunky-minestrone-soup-550g-5063824",
    "img": "https://productimages.coles.com.au/productimages/5/5063824.jpg",
    "price": 5.45,
    "quantity": 0.55,
    "unitPrice": 9.9
  },
  {
    "name": "Creamy Pumpkin Soup",
    "url": "https://www.coles.com.au/product/dari's-creamy-pumpkin-soup-550g-6257418",
    "img": "https://productimages.coles.com.au/productimages/6/6257418.jpg",
    "price": 5.45,
    "quantity": 0.55,
    "unitPrice": 9.9
  },
  {
    "name": "Pea & Ham Soup",
    "url": "https://www.coles.com.au/product/dari's-pea-&-ham-soup-550g-6257553",
    "img": "https://productimages.coles.com.au/productimages/6/6257553.jpg",
    "price": 5.45,
    "quantity": 0.55,
    "unitPrice": 9.9
  },
  {
    "name": "Hearty Vegetable Soup",
    "url": "https://www.coles.com.au/product/dari's-hearty-vegetable-soup-550g-7895067",
    "img": "https://productimages.coles.com.au/productimages/7/7895067.jpg",
    "price": 5.45,
    "quantity": 0.55,
    "unitPrice": 9.9
  },
  {
    "name": "Hearty Chicken Soup",
    "url": "https://www.coles.com.au/product/dari's-hearty-chicken-soup-550g-1196600",
    "img": "https://productimages.coles.com.au/productimages/1/1196600.jpg",
    "price": 5.45,
    "quantity": 0.55,
    "unitPrice": 9.9
  },
  {
    "name": "Chicken Noodle Soup",
    "url": "https://www.coles.com.au/product/dari's-chicken-noodle-soup-550g-1196611",
    "img": "https://productimages.coles.com.au/productimages/1/1196611.jpg",
    "price": 5.45,
    "quantity": 0.55,
    "unitPrice": 9.9
  },
  {
    "name": "Lentil Soup",
    "url": "https://www.coles.com.au/product/dari's-lentil-soup-550g-2885601",
    "img": "https://productimages.coles.com.au/productimages/2/2885601.jpg",
    "price": 5.45,
    "quantity": 0.55,
    "unitPrice": 9.9
  },
  {
    "name": "Chicken And Corn Soup",
    "url": "https://www.coles.com.au/product/dari's-chicken-and-corn-soup-550g-3756284",
    "img": "https://productimages.coles.com.au/productimages/3/3756284.jpg",
    "price": 5.45,
    "quantity": 0.55,
    "unitPrice": 9.9
  },
  {
    "name": "Beef & Barley Soup",
    "url": "https://www.coles.com.au/product/dari's-beef-&-barley-soup-550g-5062774",
    "img": "https://productimages.coles.com.au/productimages/5/5062774.jpg",
    "price": 5.45,
    "quantity": 0.55,
    "unitPrice": 9.9
  },
  {
    "name": "Chunky Minestrone Soup",
    "url": "https://www.coles.com.au/product/dari's-chunky-minestrone-soup-550g-5063824",
    "img": "https://productimages.coles.com.au/productimages/5/5063824.jpg",
    "price": 5.45,
    "quantity": 0.55,
    "unitPrice": 9.9
  },
  {
    "name": "Creamy Pumpkin Soup",
    "url": "https://www.coles.com.au/product/dari's-creamy-pumpkin-soup-550g-6257418",
    "img": "https://productimages.coles.com.au/productimages/6/6257418.jpg",
    "price": 5.45,
    "quantity": 0.55,
    "unitPrice": 9.9
  },
  {
    "name": "Pea & Ham Soup",
    "url": "https://www.coles.com.au/product/dari's-pea-&-ham-soup-550g-6257553",
    "img": "https://productimages.coles.com.au/productimages/6/6257553.jpg",
    "price": 5.45,
    "quantity": 0.55,
    "unitPrice": 9.9
  },
  {
    "name": "Hearty Vegetable Soup",
    "url": "https://www.coles.com.au/product/dari's-hearty-vegetable-soup-550g-7895067",
    "img": "https://productimages.coles.com.au/productimages/7/7895067.jpg",
    "price": 5.45,
    "quantity": 0.55,
    "unitPrice": 9.9
  },
  {
    "name": "Brioche Loaf Sliced",
    "url": "https://www.coles.com.au/product/coles-brioche-loaf-sliced-500g-3734940",
    "img": "https://productimages.coles.com.au/productimages/3/3734940.jpg",
    "price": 4.95,
    "quantity": 0.5,
    "unitPrice": 9.9
  },
  {
    "name": "Rainbow Cookie Mix",
    "url": "https://www.coles.com.au/product/betty-crocker-rainbow-cookie-mix-495g-6923677",
    "img": "https://productimages.coles.com.au/productimages/6/6923677.jpg",
    "price": 4.9,
    "quantity": 0.495,
    "unitPrice": 9.9
  },
  {
    "name": "Creamy Style Protein Porridge Oats",
    "url": "https://www.coles.com.au/product/red-tractor-creamy-style-protein-porridge-oats-750g-3433150",
    "img": "https://productimages.coles.com.au/productimages/3/3433150.jpg",
    "price": 7.4,
    "quantity": 0.75,
    "unitPrice": 9.9
  },
  {
    "name": "Peanut Butter Smooth",
    "url": "https://www.coles.com.au/product/bega-peanut-butter-smooth-755g-7034011",
    "img": "https://productimages.coles.com.au/productimages/7/7034011.jpg",
    "price": 7.5,
    "quantity": 0.755,
    "unitPrice": 9.9
  },
  {
    "name": "Woolworths Frozen Mango",
    "url": "https://www.woolworths.com.au/shop/productdetails/820796",
    "img": "https://cdn0.woolworths.media/content/wowproductimages/medium/820796.jpg",
    "price": 9.9,
    "quantity": 1,
    "unitPrice": 9.9
  },
  {
    "name": "Manning Valley 12 Jumbo Free Range Eggs",
    "url": "https://www.woolworths.com.au/shop/productdetails/363392",
    "img": "https://cdn0.woolworths.media/content/wowproductimages/medium/363392.jpg",
    "price": 7.9,
    "quantity": 0.8,
    "unitPrice": 9.9
  },
  {
    "name": "Mckenzie's French Style Lentils",
    "url": "https://www.woolworths.com.au/shop/productdetails/370240",
    "img": "https://cdn0.woolworths.media/content/wowproductimages/medium/370240.jpg",
    "price": 3.7,
    "quantity": 0.375,
    "unitPrice": 9.9
  },
  {
    "name": "Taylor's Simmer Sauce Kashmiri Butter Chicken",
    "url": "https://www.woolworths.com.au/shop/productdetails/194994",
    "img": "https://cdn0.woolworths.media/content/wowproductimages/medium/194994.jpg",
    "price": 4.8,
    "quantity": 0.485,
    "unitPrice": 9.9
  },
  {
    "name": "Australian Organic Food Co. Classic Tomato Passata",
    "url": "https://www.woolworths.com.au/shop/productdetails/64129",
    "img": "https://cdn0.woolworths.media/content/wowproductimages/medium/064129.jpg",
    "price": 4.95,
    "quantity": 0.5,
    "unitPrice": 9.9
  },
  {
    "name": "Amoy Sauce Oyster",
    "url": "https://www.woolworths.com.au/shop/productdetails/744054",
    "img": "https://cdn0.woolworths.media/content/wowproductimages/medium/744054.jpg",
    "price": 5.5,
    "quantity": 0.555,
    "unitPrice": 9.9
  },
  {
    "name": "Westacre Dairy Tasty Cheese Block",
    "url": "https://www.aldi.com.au/en/groceries/fresh-produce/dairy-eggs/dairy-eggs-detail/ps/p/westacre-dairy-tasty-cheese-block-1kg/",
    "img": "https://www.aldi.com.au/fileadmin/_processed_/f/6/csm_1001605-3_1x1_Q4_WEB-AUDIT_DAIRY_228x128_13_90aec3596e.jpg",
    "price": 9.99,
    "quantity": 1,
    "unitPrice": 9.99
  },
  {
    "name": "Oh So Natural Gluten Free Muesli",
    "url": "https://www.aldi.com.au/en/groceries/super-savers/super-savers-detail/ps/p/oh-so-natural-gluten-free-muesli-400g/",
    "img": "https://www.aldi.com.au/fileadmin/_processed_/f/e/csm_1002494_1x1_OCT-B1_228x128__6_RET_7af4b89255.png",
    "price": 3.99,
    "quantity": 0.4,
    "unitPrice": 10
  },
  {
    "name": "Farmdale Full Cream Milk Powder",
    "url": "https://www.aldi.com.au/en/groceries/fresh-produce/dairy-eggs/dairy-eggs-detail/ps/p/farmdale-full-cream-milk-powder-1kg-1/",
    "img": "https://www.aldi.com.au/fileadmin/_processed_/8/b/csm_1002370-4_Q3_WEB_AUDIT_1x1_228x128_9_RET_46e2e1eef4.png",
    "price": 9.99,
    "quantity": 1,
    "unitPrice": 10
  },
  {
    "name": "Shredded Iceberg Lettuce",
    "url": "https://www.coles.com.au/product/coles-shredded-iceberg-lettuce-200g-2470526",
    "img": "https://productimages.coles.com.au/productimages/2/2470526.jpg",
    "price": 2,
    "quantity": 0.2,
    "unitPrice": 10
  },
  {
    "name": "Kitchen Beetroot Slaw",
    "url": "https://www.coles.com.au/product/coles-kitchen-beetroot-slaw-200g-2786778",
    "img": "https://productimages.coles.com.au/productimages/2/2786778.jpg",
    "price": 2,
    "quantity": 0.2,
    "unitPrice": 10
  },
  {
    "name": "Kitchen Coleslaw",
    "url": "https://www.coles.com.au/product/coles-kitchen-coleslaw-200g-2791406",
    "img": "https://productimages.coles.com.au/productimages/2/2791406.jpg",
    "price": 2,
    "quantity": 0.2,
    "unitPrice": 10
  },
  {
    "name": "Shoots Prepacked",
    "url": "https://www.coles.com.au/product/bean-shoots-prepacked-250g-4544770",
    "img": "https://productimages.coles.com.au/productimages/4/4544770.jpg",
    "price": 2.5,
    "quantity": 0.25,
    "unitPrice": 10
  },
  {
    "name": "Cherry Tomatoes Prepacked",
    "url": "https://www.coles.com.au/product/coles-cherry-tomatoes-prepacked-250g-4834736",
    "img": "https://productimages.coles.com.au/productimages/4/4834736.jpg",
    "price": 2.5,
    "quantity": 0.25,
    "unitPrice": 10
  },
  {
    "name": "Kitchen Cauliflower Rice",
    "url": "https://www.coles.com.au/product/coles-kitchen-cauliflower-rice-300g-2860269",
    "img": "https://productimages.coles.com.au/productimages/2/2860269.jpg",
    "price": 3,
    "quantity": 0.3,
    "unitPrice": 10
  },
  {
    "name": "Iceberg Salad Blend",
    "url": "https://www.coles.com.au/product/coles-iceberg-salad-blend-300g-5450831",
    "img": "https://productimages.coles.com.au/productimages/5/5450831.jpg",
    "price": 3,
    "quantity": 0.3,
    "unitPrice": 10
  },
  {
    "name": "Fruit & Nut Mix",
    "url": "https://www.coles.com.au/product/coles-fruit-&-nut-mix-400g-2150365",
    "img": "https://productimages.coles.com.au/productimages/2/2150365.jpg",
    "price": 4,
    "quantity": 0.4,
    "unitPrice": 10
  },
  {
    "name": "Fruit & Nut Trail Mix",
    "url": "https://www.coles.com.au/product/coles-fruit-&-nut-trail-mix-400g-5476234",
    "img": "https://productimages.coles.com.au/productimages/5/5476234.jpg",
    "price": 4,
    "quantity": 0.4,
    "unitPrice": 10
  },
  {
    "name": "Kitchen Roasting Vegetables With Garlic And Rosemary",
    "url": "https://www.coles.com.au/product/coles-kitchen-roasting-vegetables-with-garlic-and-rosemary-500g-3505819",
    "img": "https://productimages.coles.com.au/productimages/3/3505819.jpg",
    "price": 5,
    "quantity": 0.5,
    "unitPrice": 10
  },
  {
    "name": "Salad Blend Iceberg & Cos",
    "url": "https://www.coles.com.au/product/coles-salad-blend-iceberg-&-cos-500g-5519519",
    "img": "https://productimages.coles.com.au/productimages/5/5519519.jpg",
    "price": 5,
    "quantity": 0.5,
    "unitPrice": 10
  },
  {
    "name": "Kitchen Chicken & Corn Soup",
    "url": "https://www.coles.com.au/product/coles-kitchen-chicken-&-corn-soup-300g-3467403",
    "img": "https://productimages.coles.com.au/productimages/3/3467403.jpg",
    "price": 3,
    "quantity": 0.3,
    "unitPrice": 10
  },
  {
    "name": "Kitchen Chicken Noodle Soup",
    "url": "https://www.coles.com.au/product/coles-kitchen-chicken-noodle-soup-300g-3467414",
    "img": "https://productimages.coles.com.au/productimages/3/3467414.jpg",
    "price": 3,
    "quantity": 0.3,
    "unitPrice": 10
  },
  {
    "name": "Kitchen Butternut Pumpkin Soup",
    "url": "https://www.coles.com.au/product/coles-kitchen-butternut-pumpkin-soup-300g-3467447",
    "img": "https://productimages.coles.com.au/productimages/3/3467447.jpg",
    "price": 3,
    "quantity": 0.3,
    "unitPrice": 10
  },
  {
    "name": "Kitchen Tomato & Basil Soup",
    "url": "https://www.coles.com.au/product/coles-kitchen-tomato-&-basil-soup-300g-3467469",
    "img": "https://productimages.coles.com.au/productimages/3/3467469.jpg",
    "price": 3,
    "quantity": 0.3,
    "unitPrice": 10
  },
  {
    "name": "Kitchen Pea & Ham Soup",
    "url": "https://www.coles.com.au/product/coles-kitchen-pea-&-ham-soup-300g-3467470",
    "img": "https://productimages.coles.com.au/productimages/3/3467470.jpg",
    "price": 3,
    "quantity": 0.3,
    "unitPrice": 10
  },
  {
    "name": "Kitchen Beef Vegetable And Barley Soup",
    "url": "https://www.coles.com.au/product/coles-kitchen-beef-vegetable-and-barley-soup-300g-3766787",
    "img": "https://productimages.coles.com.au/productimages/3/3766787.jpg",
    "price": 3,
    "quantity": 0.3,
    "unitPrice": 10
  },
  {
    "name": "Kitchen Broccoli Cauliflower & Parmesan Soup",
    "url": "https://www.coles.com.au/product/coles-kitchen-broccoli-cauliflower-&-parmesan-soup-300g-3766798",
    "img": "https://productimages.coles.com.au/productimages/3/3766798.jpg",
    "price": 3,
    "quantity": 0.3,
    "unitPrice": 10
  },
  {
    "name": "Kitchen Chicken Laksa Soup",
    "url": "https://www.coles.com.au/product/coles-kitchen-chicken-laksa-soup-300g-4215790",
    "img": "https://productimages.coles.com.au/productimages/4/4215790.jpg",
    "price": 3,
    "quantity": 0.3,
    "unitPrice": 10
  },
  {
    "name": "Kitchen Ultra Green Soup",
    "url": "https://www.coles.com.au/product/coles-kitchen-ultra-green-soup-300g-4215825",
    "img": "https://productimages.coles.com.au/productimages/4/4215825.jpg",
    "price": 3,
    "quantity": 0.3,
    "unitPrice": 10
  },
  {
    "name": "Nature's Kitchen Minestrone Soup",
    "url": "https://www.coles.com.au/product/coles-nature's-kitchen-minestrone-soup-300g-4215836",
    "img": "https://productimages.coles.com.au/productimages/4/4215836.jpg",
    "price": 3,
    "quantity": 0.3,
    "unitPrice": 10
  },
  {
    "name": "Kitchen Singapore Egg Noodles",
    "url": "https://www.coles.com.au/product/coles-kitchen-singapore-egg-noodles-300g-5578303",
    "img": "https://productimages.coles.com.au/productimages/5/5578303.jpg",
    "price": 3,
    "quantity": 0.3,
    "unitPrice": 10
  },
  {
    "name": "Kitchen Tomato Pizza Base",
    "url": "https://www.coles.com.au/product/coles-kitchen-tomato-pizza-base-300g-6187447",
    "img": "https://productimages.coles.com.au/productimages/6/6187447.jpg",
    "price": 3,
    "quantity": 0.3,
    "unitPrice": 10
  },
  {
    "name": "Original Margarine Spread",
    "url": "https://www.coles.com.au/product/meadow-lea-original-margarine-spread-500g-138074",
    "img": "https://productimages.coles.com.au/productimages/1/138074.jpg",
    "price": 5,
    "quantity": 0.5,
    "unitPrice": 10
  },
  {
    "name": "Greek Style Protein Yogurt",
    "url": "https://www.coles.com.au/product/farmers-union-greek-style-protein-yogurt-500g-2990140",
    "img": "https://productimages.coles.com.au/productimages/2/2990140.jpg",
    "price": 5,
    "quantity": 0.5,
    "unitPrice": 10
  },
  {
    "name": "Cholesterol Lowering Spread",
    "url": "https://www.coles.com.au/product/coles-cholesterol-lowering-spread-500g-3162734",
    "img": "https://productimages.coles.com.au/productimages/3/3162734.jpg",
    "price": 5,
    "quantity": 0.5,
    "unitPrice": 10
  },
  {
    "name": "Greek Style Lactose Free Yoghurt",
    "url": "https://www.coles.com.au/product/farmers-union-greek-style-lactose-free-yoghurt-500g-4339544",
    "img": "https://productimages.coles.com.au/productimages/4/4339544.jpg",
    "price": 5,
    "quantity": 0.5,
    "unitPrice": 10
  },
  {
    "name": "Greek Style Natural Yoghurt",
    "url": "https://www.coles.com.au/product/farmers-union-greek-style-natural-yoghurt-500g-5588963",
    "img": "https://productimages.coles.com.au/productimages/5/5588963.jpg",
    "price": 5,
    "quantity": 0.5,
    "unitPrice": 10
  },
  {
    "name": "Hommus Dip",
    "url": "https://www.coles.com.au/product/black-swan-hommus-dip-500g-6002734",
    "img": "https://productimages.coles.com.au/productimages/6/6002734.jpg",
    "price": 5,
    "quantity": 0.5,
    "unitPrice": 10
  },
  {
    "name": "Thick & Creamy Yoghurt Mango & Finger Lime",
    "url": "https://www.coles.com.au/product/dairy-farmers-thick-&-creamy-yoghurt-mango-&-finger-lime-550g-6604250",
    "img": "https://productimages.coles.com.au/productimages/6/6604250.jpg",
    "price": 5.5,
    "quantity": 0.55,
    "unitPrice": 10
  },
  {
    "name": "Thick & Creamy Yoghurt Pineapple & Bundaberg Passionfruit",
    "url": "https://www.coles.com.au/product/dairy-farmers-thick-&-creamy-yoghurt-pineapple-&-bundaberg-passionfruit-550g-6604271",
    "img": "https://productimages.coles.com.au/productimages/6/6604271.jpg",
    "price": 5.5,
    "quantity": 0.55,
    "unitPrice": 10
  },
  {
    "name": "Thick & Creamy Yoghurt Cherry & Blood Plum",
    "url": "https://www.coles.com.au/product/dairy-farmers-thick-&-creamy-yoghurt-cherry-&-blood-plum-550g-6604282",
    "img": "https://productimages.coles.com.au/productimages/6/6604282.jpg",
    "price": 5.5,
    "quantity": 0.55,
    "unitPrice": 10
  },
  {
    "name": "Thick & Creamy Yoghurt Strawberry & Wattleseed",
    "url": "https://www.coles.com.au/product/dairy-farmers-thick-&-creamy-yoghurt-strawberry-&-wattleseed-550g-6604330",
    "img": "https://productimages.coles.com.au/productimages/6/6604330.jpg",
    "price": 5.5,
    "quantity": 0.55,
    "unitPrice": 10
  },
  {
    "name": "Thickened Cream",
    "url": "https://www.coles.com.au/product/bulla-thickened-cream-600ml-381312",
    "img": "https://productimages.coles.com.au/productimages/3/381312.jpg",
    "price": 6,
    "quantity": 0.6,
    "unitPrice": 10
  },
  {
    "name": "No Sugar Added Yogurt Vanilla Bean",
    "url": "https://www.coles.com.au/product/chobani-no-sugar-added-yogurt-vanilla-bean-680g-6612994",
    "img": "https://productimages.coles.com.au/productimages/6/6612994.jpg",
    "price": 6.8,
    "quantity": 0.68,
    "unitPrice": 10
  },
  {
    "name": "Organic Vanilla Bean Yoghurt",
    "url": "https://www.coles.com.au/product/five:am-organic-vanilla-bean-yoghurt-700g-1436125",
    "img": "https://productimages.coles.com.au/productimages/1/1436125.jpg",
    "price": 7,
    "quantity": 0.7,
    "unitPrice": 10
  },
  {
    "name": "Coconut Natural Yoghurt",
    "url": "https://www.coles.com.au/product/cocobella-coconut-natural-yoghurt-900g-3825230",
    "img": "https://productimages.coles.com.au/productimages/3/3825230.jpg",
    "price": 9,
    "quantity": 0.9,
    "unitPrice": 10
  },
  {
    "name": "Coconut Yoghurt Vanilla",
    "url": "https://www.coles.com.au/product/cocobella-coconut-yoghurt-vanilla-900g-4332385",
    "img": "https://productimages.coles.com.au/productimages/4/4332385.jpg",
    "price": 9,
    "quantity": 0.9,
    "unitPrice": 10
  },
  {
    "name": "Malt Extract",
    "url": "https://www.coles.com.au/product/saunders-malt-extract-1kg-173530",
    "img": "https://productimages.coles.com.au/productimages/1/173530.jpg",
    "price": 10,
    "quantity": 1,
    "unitPrice": 10
  },
  {
    "name": "Full Cream Milk Powder",
    "url": "https://www.coles.com.au/product/coles-full-cream-milk-powder-1kg-7910535",
    "img": "https://productimages.coles.com.au/productimages/7/7910535.jpg",
    "price": 10,
    "quantity": 1,
    "unitPrice": 10
  },
  {
    "name": "Fat Free Instant Skim Milk Powder",
    "url": "https://www.coles.com.au/product/coles-fat-free-instant-skim-milk-powder-1kg-7910660",
    "img": "https://productimages.coles.com.au/productimages/7/7910660.jpg",
    "price": 10,
    "quantity": 1,
    "unitPrice": 10
  },
  {
    "name": "Free Range X-large Eggs 30 Pack",
    "url": "https://www.coles.com.au/product/sunny-queen-free-range-x-large-eggs-30-pack-1.75kg-5341257",
    "img": "https://productimages.coles.com.au/productimages/5/5341257.jpg",
    "price": 17.5,
    "quantity": 1.75,
    "unitPrice": 10
  },
  {
    "name": "Kitchen Chicken & Corn Soup",
    "url": "https://www.coles.com.au/product/coles-kitchen-chicken-&-corn-soup-300g-3467403",
    "img": "https://productimages.coles.com.au/productimages/3/3467403.jpg",
    "price": 3,
    "quantity": 0.3,
    "unitPrice": 10
  },
  {
    "name": "Kitchen Chicken Noodle Soup",
    "url": "https://www.coles.com.au/product/coles-kitchen-chicken-noodle-soup-300g-3467414",
    "img": "https://productimages.coles.com.au/productimages/3/3467414.jpg",
    "price": 3,
    "quantity": 0.3,
    "unitPrice": 10
  },
  {
    "name": "Kitchen Butternut Pumpkin Soup",
    "url": "https://www.coles.com.au/product/coles-kitchen-butternut-pumpkin-soup-300g-3467447",
    "img": "https://productimages.coles.com.au/productimages/3/3467447.jpg",
    "price": 3,
    "quantity": 0.3,
    "unitPrice": 10
  },
  {
    "name": "Kitchen Tomato & Basil Soup",
    "url": "https://www.coles.com.au/product/coles-kitchen-tomato-&-basil-soup-300g-3467469",
    "img": "https://productimages.coles.com.au/productimages/3/3467469.jpg",
    "price": 3,
    "quantity": 0.3,
    "unitPrice": 10
  },
  {
    "name": "Kitchen Pea & Ham Soup",
    "url": "https://www.coles.com.au/product/coles-kitchen-pea-&-ham-soup-300g-3467470",
    "img": "https://productimages.coles.com.au/productimages/3/3467470.jpg",
    "price": 3,
    "quantity": 0.3,
    "unitPrice": 10
  },
  {
    "name": "Kitchen Beef Vegetable And Barley Soup",
    "url": "https://www.coles.com.au/product/coles-kitchen-beef-vegetable-and-barley-soup-300g-3766787",
    "img": "https://productimages.coles.com.au/productimages/3/3766787.jpg",
    "price": 3,
    "quantity": 0.3,
    "unitPrice": 10
  },
  {
    "name": "Kitchen Broccoli Cauliflower & Parmesan Soup",
    "url": "https://www.coles.com.au/product/coles-kitchen-broccoli-cauliflower-&-parmesan-soup-300g-3766798",
    "img": "https://productimages.coles.com.au/productimages/3/3766798.jpg",
    "price": 3,
    "quantity": 0.3,
    "unitPrice": 10
  },
  {
    "name": "Kitchen Chicken Laksa Soup",
    "url": "https://www.coles.com.au/product/coles-kitchen-chicken-laksa-soup-300g-4215790",
    "img": "https://productimages.coles.com.au/productimages/4/4215790.jpg",
    "price": 3,
    "quantity": 0.3,
    "unitPrice": 10
  },
  {
    "name": "Kitchen Ultra Green Soup",
    "url": "https://www.coles.com.au/product/coles-kitchen-ultra-green-soup-300g-4215825",
    "img": "https://productimages.coles.com.au/productimages/4/4215825.jpg",
    "price": 3,
    "quantity": 0.3,
    "unitPrice": 10
  },
  {
    "name": "Nature's Kitchen Minestrone Soup",
    "url": "https://www.coles.com.au/product/coles-nature's-kitchen-minestrone-soup-300g-4215836",
    "img": "https://productimages.coles.com.au/productimages/4/4215836.jpg",
    "price": 3,
    "quantity": 0.3,
    "unitPrice": 10
  },
  {
    "name": "Kitchen Singapore Egg Noodles",
    "url": "https://www.coles.com.au/product/coles-kitchen-singapore-egg-noodles-300g-5578303",
    "img": "https://productimages.coles.com.au/productimages/5/5578303.jpg",
    "price": 3,
    "quantity": 0.3,
    "unitPrice": 10
  },
  {
    "name": "Kitchen Tomato Pizza Base",
    "url": "https://www.coles.com.au/product/coles-kitchen-tomato-pizza-base-300g-6187447",
    "img": "https://productimages.coles.com.au/productimages/6/6187447.jpg",
    "price": 3,
    "quantity": 0.3,
    "unitPrice": 10
  },
  {
    "name": "Original Margarine Spread",
    "url": "https://www.coles.com.au/product/meadow-lea-original-margarine-spread-500g-138074",
    "img": "https://productimages.coles.com.au/productimages/1/138074.jpg",
    "price": 5,
    "quantity": 0.5,
    "unitPrice": 10
  },
  {
    "name": "Greek Style Protein Yogurt",
    "url": "https://www.coles.com.au/product/farmers-union-greek-style-protein-yogurt-500g-2990140",
    "img": "https://productimages.coles.com.au/productimages/2/2990140.jpg",
    "price": 5,
    "quantity": 0.5,
    "unitPrice": 10
  },
  {
    "name": "Cholesterol Lowering Spread",
    "url": "https://www.coles.com.au/product/coles-cholesterol-lowering-spread-500g-3162734",
    "img": "https://productimages.coles.com.au/productimages/3/3162734.jpg",
    "price": 5,
    "quantity": 0.5,
    "unitPrice": 10
  },
  {
    "name": "Greek Style Lactose Free Yoghurt",
    "url": "https://www.coles.com.au/product/farmers-union-greek-style-lactose-free-yoghurt-500g-4339544",
    "img": "https://productimages.coles.com.au/productimages/4/4339544.jpg",
    "price": 5,
    "quantity": 0.5,
    "unitPrice": 10
  },
  {
    "name": "Greek Style Natural Yoghurt",
    "url": "https://www.coles.com.au/product/farmers-union-greek-style-natural-yoghurt-500g-5588963",
    "img": "https://productimages.coles.com.au/productimages/5/5588963.jpg",
    "price": 5,
    "quantity": 0.5,
    "unitPrice": 10
  },
  {
    "name": "Hommus Dip",
    "url": "https://www.coles.com.au/product/black-swan-hommus-dip-500g-6002734",
    "img": "https://productimages.coles.com.au/productimages/6/6002734.jpg",
    "price": 5,
    "quantity": 0.5,
    "unitPrice": 10
  },
  {
    "name": "Protein Bread",
    "url": "https://www.coles.com.au/product/alpine-protein-bread-680g-2270254",
    "img": "https://productimages.coles.com.au/productimages/2/2270254.jpg",
    "price": 6.8,
    "quantity": 0.68,
    "unitPrice": 10
  },
  {
    "name": "Cholesterol Lowering Wholegrain And Oats Bread",
    "url": "https://www.coles.com.au/product/burgen-cholesterol-lowering-wholegrain-and-oats-bread-700g-6420621",
    "img": "https://productimages.coles.com.au/productimages/6/6420621.jpg",
    "price": 7,
    "quantity": 0.7,
    "unitPrice": 10
  },
  {
    "name": "Dark Compound Choc Chips",
    "url": "https://www.coles.com.au/product/coles-dark-compound-choc-chips-250g-264589",
    "img": "https://productimages.coles.com.au/productimages/2/264589.jpg",
    "price": 2.5,
    "quantity": 0.25,
    "unitPrice": 10
  },
  {
    "name": "Ultimate Brownie Baking Mix",
    "url": "https://www.coles.com.au/product/coles-ultimate-brownie-baking-mix-500g-3737348",
    "img": "https://productimages.coles.com.au/productimages/3/3737348.jpg",
    "price": 5,
    "quantity": 0.5,
    "unitPrice": 10
  },
  {
    "name": "Ultimate Choc Chip Cookie Baking Mix",
    "url": "https://www.coles.com.au/product/coles-ultimate-choc-chip-cookie-baking-mix-500g-3737417",
    "img": "https://productimages.coles.com.au/productimages/3/3737417.jpg",
    "price": 5,
    "quantity": 0.5,
    "unitPrice": 10
  },
  {
    "name": "Certified Organic Coconut Flour",
    "url": "https://www.coles.com.au/product/coco-earth-certified-organic-coconut-flour-500g-3767815",
    "img": "https://productimages.coles.com.au/productimages/3/3767815.jpg",
    "price": 5,
    "quantity": 0.5,
    "unitPrice": 10
  },
  {
    "name": "Organic Buckwheat Flour",
    "url": "https://www.coles.com.au/product/wellness-road-organic-buckwheat-flour-500g-8667807",
    "img": "https://productimages.coles.com.au/productimages/8/8667807.jpg",
    "price": 5,
    "quantity": 0.5,
    "unitPrice": 10
  },
  {
    "name": "Organic Spelt Wholemeal Flour",
    "url": "https://www.coles.com.au/product/wellness-road-organic-spelt-wholemeal-flour-750g-1436340",
    "img": "https://productimages.coles.com.au/productimages/1/1436340.jpg",
    "price": 7.5,
    "quantity": 0.75,
    "unitPrice": 10
  },
  {
    "name": "Weet-Bix Blends Cranberry & Coconut Cereal",
    "url": "https://www.coles.com.au/product/sanitarium-weet-bix-blends-cranberry-&-coconut-cereal-450g-2715951",
    "img": "https://productimages.coles.com.au/productimages/2/2715951.jpg",
    "price": 4.5,
    "quantity": 0.45,
    "unitPrice": 10
  },
  {
    "name": "Honey & Golden Oats",
    "url": "https://www.coles.com.au/product/weet-bix-honey-&-golden-oats-450g-5002998",
    "img": "https://productimages.coles.com.au/productimages/5/5002998.jpg",
    "price": 4.5,
    "quantity": 0.45,
    "unitPrice": 10
  },
  {
    "name": "Natural Muesli Almond Cashew Macadamia & Walnut ",
    "url": "https://www.coles.com.au/product/-sunsol-natural-muesli-almond-cashew-macadamia-&-walnut--500g-7062185",
    "img": "https://productimages.coles.com.au/productimages/7/7062185.jpg",
    "price": 5,
    "quantity": 0.5,
    "unitPrice": 10
  },
  {
    "name": "Natural Muesli Blueberry Goji Berries Coconut & Chia ",
    "url": "https://www.coles.com.au/product/-sunsol-natural-muesli-blueberry-goji-berries-coconut-&-chia--500g-7062265",
    "img": "https://productimages.coles.com.au/productimages/7/7062265.jpg",
    "price": 5,
    "quantity": 0.5,
    "unitPrice": 10
  },
  {
    "name": "Microwave Rice Pouch Coconut Chilli Lime",
    "url": "https://www.coles.com.au/product/coles-microwave-rice-pouch-coconut-chilli-lime-250g-3231134",
    "img": "https://productimages.coles.com.au/productimages/3/3231134.jpg",
    "price": 2.5,
    "quantity": 0.25,
    "unitPrice": 10
  },
  {
    "name": "One-Pot Dish Chicken Korma With Vegetables",
    "url": "https://www.coles.com.au/product/la-zuppa-one-pot-dish-chicken-korma-with-vegetables-300g-6127810",
    "img": "https://productimages.coles.com.au/productimages/6/6127810.jpg",
    "price": 3,
    "quantity": 0.3,
    "unitPrice": 10
  },
  {
    "name": "One-Pot Dish Thai Red Curry With Chickpea And Pumpkin",
    "url": "https://www.coles.com.au/product/la-zuppa-one-pot-dish-thai-red-curry-with-chickpea-and-pumpkin-300g-6127842",
    "img": "https://productimages.coles.com.au/productimages/6/6127842.jpg",
    "price": 3,
    "quantity": 0.3,
    "unitPrice": 10
  },
  {
    "name": "Singapore Noodles",
    "url": "https://www.coles.com.au/product/coco-earth-singapore-noodles-300g-6264300",
    "img": "https://productimages.coles.com.au/productimages/6/6264300.jpg",
    "price": 3,
    "quantity": 0.3,
    "unitPrice": 10
  },
  {
    "name": "Vegetable Sausage",
    "url": "https://www.coles.com.au/product/tom-piper-vegetable-sausage-400g-125254",
    "img": "https://productimages.coles.com.au/productimages/1/125254.jpg",
    "price": 4,
    "quantity": 0.4,
    "unitPrice": 10
  },
  {
    "name": "Vegetables Savoury Mince",
    "url": "https://www.coles.com.au/product/tom-piper-vegetables-savoury-mince-400g-277944",
    "img": "https://productimages.coles.com.au/productimages/2/277944.jpg",
    "price": 4,
    "quantity": 0.4,
    "unitPrice": 10
  },
  {
    "name": "Braised Steak Onion",
    "url": "https://www.coles.com.au/product/tom-piper-braised-steak-onion-400g-5750165",
    "img": "https://productimages.coles.com.au/productimages/5/5750165.jpg",
    "price": 4,
    "quantity": 0.4,
    "unitPrice": 10
  },
  {
    "name": "Bakers Apple Pie Filling",
    "url": "https://www.coles.com.au/product/ardmona-bakers-apple-pie-filling-400g-5925087",
    "img": "https://productimages.coles.com.au/productimages/5/5925087.jpg",
    "price": 4,
    "quantity": 0.4,
    "unitPrice": 10
  },
  {
    "name": "Pineapple Pieces in Natural Juice Canned",
    "url": "https://www.coles.com.au/product/golden-circle-pineapple-pieces-in-natural-juice-canned-440g-117788",
    "img": "https://productimages.coles.com.au/productimages/1/117788.jpg",
    "price": 4.4,
    "quantity": 0.44,
    "unitPrice": 10
  },
  {
    "name": "Pineapple Slices in Natural Juice Canned",
    "url": "https://www.coles.com.au/product/golden-circle-pineapple-slices-in-natural-juice-canned-440g-199997",
    "img": "https://productimages.coles.com.au/productimages/1/199997.jpg",
    "price": 4.4,
    "quantity": 0.44,
    "unitPrice": 10
  },
  {
    "name": "Vermicelli Bean Noodles",
    "url": "https://www.coles.com.au/product/double-phoenix-vermicelli-bean-noodles-100g-6825918",
    "img": "https://productimages.coles.com.au/productimages/6/6825918.jpg",
    "price": 1,
    "quantity": 0.1,
    "unitPrice": 10
  },
  {
    "name": "Asia Teriyaki Sauce",
    "url": "https://www.coles.com.au/product/coles-asia-teriyaki-sauce-340ml-5015912",
    "img": "https://productimages.coles.com.au/productimages/5/5015912.jpg",
    "price": 3.4,
    "quantity": 0.34,
    "unitPrice": 10
  },
  {
    "name": "Asia Hoisin Sauce",
    "url": "https://www.coles.com.au/product/coles-asia-hoisin-sauce-340ml-5015956",
    "img": "https://productimages.coles.com.au/productimages/5/5015956.jpg",
    "price": 3.4,
    "quantity": 0.34,
    "unitPrice": 10
  },
  {
    "name": "Light Soy Sauce",
    "url": "https://www.coles.com.au/product/amoy-light-soy-sauce-500ml-3739048",
    "img": "https://productimages.coles.com.au/productimages/3/3739048.jpg",
    "price": 5,
    "quantity": 0.5,
    "unitPrice": 10
  },
  {
    "name": "Potato Starch",
    "url": "https://www.coles.com.au/product/tung-chun-potato-starch-500g-4476206",
    "img": "https://productimages.coles.com.au/productimages/4/4476206.jpg",
    "price": 5,
    "quantity": 0.5,
    "unitPrice": 10
  },
  {
    "name": "Organic Apple Cider Vinegar",
    "url": "https://www.coles.com.au/product/mazzetti-organic-apple-cider-vinegar-500ml-2734832",
    "img": "https://productimages.coles.com.au/productimages/2/2734832.jpg",
    "price": 5,
    "quantity": 0.5,
    "unitPrice": 10
  },
  {
    "name": "Organic Apple Cider Vinegar With Honey & Ginger",
    "url": "https://www.coles.com.au/product/mazzetti-organic-apple-cider-vinegar-with-honey-&-ginger-500ml-3071821",
    "img": "https://productimages.coles.com.au/productimages/3/3071821.jpg",
    "price": 5,
    "quantity": 0.5,
    "unitPrice": 10
  },
  {
    "name": "Refined Olive Oil",
    "url": "https://www.coles.com.au/product/coles-refined-olive-oil-500ml-8012499",
    "img": "https://productimages.coles.com.au/productimages/8/8012499.jpg",
    "price": 5,
    "quantity": 0.5,
    "unitPrice": 10
  },
  {
    "name": "White Wine Vinegar",
    "url": "https://www.coles.com.au/product/moro-white-wine-vinegar-500ml-9674218",
    "img": "https://productimages.coles.com.au/productimages/9/9674218.jpg",
    "price": 5,
    "quantity": 0.5,
    "unitPrice": 10
  },
  {
    "name": "Red Wine Vinegar",
    "url": "https://www.coles.com.au/product/moro-red-wine-vinegar-500ml-9674229",
    "img": "https://productimages.coles.com.au/productimages/9/9674229.jpg",
    "price": 5,
    "quantity": 0.5,
    "unitPrice": 10
  },
  {
    "name": "Sunflower Oil",
    "url": "https://www.coles.com.au/product/crisco-sunflower-oil-750ml-343415",
    "img": "https://productimages.coles.com.au/productimages/3/343415.jpg",
    "price": 7.5,
    "quantity": 0.75,
    "unitPrice": 10
  },
  {
    "name": "Matese Gluten Free Penne Pasta",
    "url": "https://www.coles.com.au/product/cucina-matese-gluten-free-penne-pasta-350g-3944670",
    "img": "https://productimages.coles.com.au/productimages/3/3944670.jpg",
    "price": 3.5,
    "quantity": 0.35,
    "unitPrice": 10
  },
  {
    "name": "Gluten Free Spirals Pasta Buckwheat",
    "url": "https://www.coles.com.au/product/orgran-gluten-free-spirals-pasta-buckwheat-350g-4306556",
    "img": "https://productimages.coles.com.au/productimages/4/4306556.jpg",
    "price": 3.5,
    "quantity": 0.35,
    "unitPrice": 10
  },
  {
    "name": "Garden Veggies Spirals",
    "url": "https://www.coles.com.au/product/orgran-garden-veggies-spirals-350g-5493608",
    "img": "https://productimages.coles.com.au/productimages/5/5493608.jpg",
    "price": 3.5,
    "quantity": 0.35,
    "unitPrice": 10
  },
  {
    "name": "Garden Veggies Penne",
    "url": "https://www.coles.com.au/product/orgran-garden-veggies-penne-350g-5493663",
    "img": "https://productimages.coles.com.au/productimages/5/5493663.jpg",
    "price": 3.5,
    "quantity": 0.35,
    "unitPrice": 10
  },
  {
    "name": "Microwave Rice Pouch Coconut Chilli Lime",
    "url": "https://www.coles.com.au/product/coles-microwave-rice-pouch-coconut-chilli-lime-250g-3231134",
    "img": "https://productimages.coles.com.au/productimages/3/3231134.jpg",
    "price": 2.5,
    "quantity": 0.25,
    "unitPrice": 10
  },
  {
    "name": "Smart Fibre Instant Lasagne Sheets",
    "url": "https://www.coles.com.au/product/vetta-smart-fibre-instant-lasagne-sheets-250g-3614949",
    "img": "https://productimages.coles.com.au/productimages/3/3614949.jpg",
    "price": 2.5,
    "quantity": 0.25,
    "unitPrice": 10
  },
  {
    "name": "Matese Gluten Free Spaghetti Pasta",
    "url": "https://www.coles.com.au/product/cucina-matese-gluten-free-spaghetti-pasta-350g-3944659",
    "img": "https://productimages.coles.com.au/productimages/3/3944659.jpg",
    "price": 3.5,
    "quantity": 0.35,
    "unitPrice": 10
  },
  {
    "name": "Matese Gluten Free Fusilli Pasta",
    "url": "https://www.coles.com.au/product/cucina-matese-gluten-free-fusilli-pasta-350g-3944660",
    "img": "https://productimages.coles.com.au/productimages/3/3944660.jpg",
    "price": 3.5,
    "quantity": 0.35,
    "unitPrice": 10
  },
  {
    "name": "Mild Chicken Curry Slow Cook Simmer Sauce",
    "url": "https://www.coles.com.au/product/masterfoods-mild-chicken-curry-slow-cook-simmer-sauce-490g-1727490",
    "img": "https://productimages.coles.com.au/productimages/1/1727490.jpg",
    "price": 4.9,
    "quantity": 0.49,
    "unitPrice": 10
  },
  {
    "name": "Creamy Chicken & Mushroom Simmer Sauce",
    "url": "https://www.coles.com.au/product/masterfoods-creamy-chicken-&-mushroom-simmer-sauce-490g-1731089",
    "img": "https://productimages.coles.com.au/productimages/1/1731089.jpg",
    "price": 4.9,
    "quantity": 0.49,
    "unitPrice": 10
  },
  {
    "name": "Eat Well Prebiotic Bolognes Pasta Sauce",
    "url": "https://www.coles.com.au/product/leggos-eat-well-prebiotic-bolognes-pasta-sauce-500g-6366344",
    "img": "https://productimages.coles.com.au/productimages/6/6366344.jpg",
    "price": 5,
    "quantity": 0.5,
    "unitPrice": 10
  },
  {
    "name": "Eat Well Tomato & Basil Pasta Sauce",
    "url": "https://www.coles.com.au/product/leggos-eat-well-tomato-&-basil-pasta-sauce-500g-6366377",
    "img": "https://productimages.coles.com.au/productimages/6/6366377.jpg",
    "price": 5,
    "quantity": 0.5,
    "unitPrice": 10
  },
  {
    "name": "Organic Ketchup Tomato Sauce",
    "url": "https://www.coles.com.au/product/heinz-organic-ketchup-tomato-sauce-500ml-9124079",
    "img": "https://productimages.coles.com.au/productimages/9/9124079.jpg",
    "price": 5,
    "quantity": 0.5,
    "unitPrice": 10
  },
  {
    "name": "Mild American Mustard Smooth & Tangy",
    "url": "https://www.coles.com.au/product/masterfoods-mild-american-mustard-smooth-&-tangy-550g-8833305",
    "img": "https://productimages.coles.com.au/productimages/8/8833305.jpg",
    "price": 5.5,
    "quantity": 0.55,
    "unitPrice": 10
  },
  {
    "name": "Frozen Steam Fresh Carrot Cauliflower & Broccoli Mix 3 pack",
    "url": "https://www.coles.com.au/product/birds-eye-frozen-steam-fresh-carrot-cauliflower-&-broccoli-mix-3-pack-450g-1777240",
    "img": "https://productimages.coles.com.au/productimages/1/1777240.jpg",
    "price": 4.5,
    "quantity": 0.45,
    "unitPrice": 10
  },
  {
    "name": "Steam Fresh Carrots Peas & Corn",
    "url": "https://www.coles.com.au/product/birds-eye-steam-fresh-carrots-peas-&-corn-450g-1777250",
    "img": "https://productimages.coles.com.au/productimages/1/1777250.jpg",
    "price": 4.5,
    "quantity": 0.45,
    "unitPrice": 10
  },
  {
    "name": "Frozen Steam Fresh Peas Beans Corn & Broccoli Mix 3 pack",
    "url": "https://www.coles.com.au/product/birds-eye-frozen-steam-fresh-peas-beans-corn-&-broccoli-mix-3-pack-450g-1777261",
    "img": "https://productimages.coles.com.au/productimages/1/1777261.jpg",
    "price": 4.5,
    "quantity": 0.45,
    "unitPrice": 10
  },
  {
    "name": "Frozen Steam Fresh Beans Carrot & Broccoli Mix 3 pack",
    "url": "https://www.coles.com.au/product/birds-eye-frozen-steam-fresh-beans-carrot-&-broccoli-mix-3-pack-450g-2740041",
    "img": "https://productimages.coles.com.au/productimages/2/2740041.jpg",
    "price": 4.5,
    "quantity": 0.45,
    "unitPrice": 10
  },
  {
    "name": "Frozen Steam Fresh Bean Broccoli & Sugar Snap Peas 3 pack",
    "url": "https://www.coles.com.au/product/birds-eye-frozen-steam-fresh-bean-broccoli-&-sugar-snap-peas-3-pack-450g-2740052",
    "img": "https://productimages.coles.com.au/productimages/2/2740052.jpg",
    "price": 4.5,
    "quantity": 0.45,
    "unitPrice": 10
  },
  {
    "name": "Frozen Hawaiian Pizza",
    "url": "https://www.coles.com.au/product/coles-frozen-hawaiian-pizza-500g-2632162",
    "img": "https://productimages.coles.com.au/productimages/2/2632162.jpg",
    "price": 5,
    "quantity": 0.5,
    "unitPrice": 10
  },
  {
    "name": "BBQ Meatlovers Pizza",
    "url": "https://www.coles.com.au/product/coles-bbq-meatlovers-pizza-500g-2632184",
    "img": "https://productimages.coles.com.au/productimages/2/2632184.jpg",
    "price": 5,
    "quantity": 0.5,
    "unitPrice": 10
  },
  {
    "name": "Frozen Tiramisu",
    "url": "https://www.coles.com.au/product/coles-frozen-tiramisu-500g-3145972",
    "img": "https://productimages.coles.com.au/productimages/3/3145972.jpg",
    "price": 5,
    "quantity": 0.5,
    "unitPrice": 10
  },
  {
    "name": "Frozen Onion Rings",
    "url": "https://www.coles.com.au/product/mccain-frozen-onion-rings-500g-3412478",
    "img": "https://productimages.coles.com.au/productimages/3/3412478.jpg",
    "price": 5,
    "quantity": 0.5,
    "unitPrice": 10
  },
  {
    "name": "Surimi Crispy Tofu Balls",
    "url": "https://www.coles.com.au/product/hanabi-surimi-crispy-tofu-balls-500g-6107459",
    "img": "https://productimages.coles.com.au/productimages/6/6107459.jpg",
    "price": 5,
    "quantity": 0.5,
    "unitPrice": 10
  },
  {
    "name": "Club Spicy Wing Nibble",
    "url": "https://www.coles.com.au/product/hellfire-club-spicy-wing-nibble-500g-7080063",
    "img": "https://productimages.coles.com.au/productimages/7/7080063.jpg",
    "price": 5,
    "quantity": 0.5,
    "unitPrice": 10
  },
  {
    "name": "Chicken Chips With Ciabatta Crumb",
    "url": "https://www.coles.com.au/product/family-fave's-chicken-chips-with-ciabatta-crumb-1kg-4315535",
    "img": "https://productimages.coles.com.au/productimages/4/4315535.jpg",
    "price": 10,
    "quantity": 1,
    "unitPrice": 10
  },
  {
    "name": "Crumbed Chicken Tenders",
    "url": "https://www.coles.com.au/product/family-fave's-crumbed-chicken-tenders-1kg-4315546",
    "img": "https://productimages.coles.com.au/productimages/4/4315546.jpg",
    "price": 10,
    "quantity": 1,
    "unitPrice": 10
  },
  {
    "name": "Sweet Chilli Chicken Tenders",
    "url": "https://www.coles.com.au/product/family-fave's-sweet-chilli-chicken-tenders-1kg-4315557",
    "img": "https://productimages.coles.com.au/productimages/4/4315557.jpg",
    "price": 10,
    "quantity": 1,
    "unitPrice": 10
  },
  {
    "name": "Southern Style Chicken Nuggets",
    "url": "https://www.coles.com.au/product/family-fave's-southern-style-chicken-nuggets-1kg-4315568",
    "img": "https://productimages.coles.com.au/productimages/4/4315568.jpg",
    "price": 10,
    "quantity": 1,
    "unitPrice": 10
  },
  {
    "name": "Chicken Space Shapes",
    "url": "https://www.coles.com.au/product/family-fave's-chicken-space-shapes-1kg-4315579",
    "img": "https://productimages.coles.com.au/productimages/4/4315579.jpg",
    "price": 10,
    "quantity": 1,
    "unitPrice": 10
  },
  {
    "name": "Creative Gourmet Frozen Banana Chunks",
    "url": "https://www.woolworths.com.au/shop/productdetails/532199",
    "img": "https://cdn0.woolworths.media/content/wowproductimages/medium/532199.jpg",
    "price": 5,
    "quantity": 0.5,
    "unitPrice": 10
  },
  {
    "name": "Heinz Tortellini Three Cheese Pasta With Creamy Mushroom & Bacon",
    "url": "https://www.woolworths.com.au/shop/productdetails/159329",
    "img": "https://cdn0.woolworths.media/content/wowproductimages/medium/159329.jpg",
    "price": 3.5,
    "quantity": 0.35,
    "unitPrice": 10
  },
  {
    "name": "Heinz Tortellini Three Cheese Pasta With Creamy Pumpkin & Garlic",
    "url": "https://www.woolworths.com.au/shop/productdetails/159028",
    "img": "https://cdn0.woolworths.media/content/wowproductimages/medium/159028.jpg",
    "price": 3.5,
    "quantity": 0.35,
    "unitPrice": 10
  },
  {
    "name": "Heinz Tortellini Three Cheese Pasta With Sun-dried Tomato & Bacon",
    "url": "https://www.woolworths.com.au/shop/productdetails/160637",
    "img": "https://cdn0.woolworths.media/content/wowproductimages/medium/160637.jpg",
    "price": 3.5,
    "quantity": 0.35,
    "unitPrice": 10
  },
  {
    "name": "Heinz Ravioli With Creamy Tomato",
    "url": "https://www.woolworths.com.au/shop/productdetails/220991",
    "img": "https://cdn0.woolworths.media/content/wowproductimages/medium/220991.jpg",
    "price": 3.5,
    "quantity": 0.35,
    "unitPrice": 10
  },
  {
    "name": "Heinz Ravioli Ricotta With Rich Bolognese & Garlic",
    "url": "https://www.woolworths.com.au/shop/productdetails/222124",
    "img": "https://cdn0.woolworths.media/content/wowproductimages/medium/222124.jpg",
    "price": 3.5,
    "quantity": 0.35,
    "unitPrice": 10
  },
  {
    "name": "Guzzi's Golden Pasta Gnocchi Potato",
    "url": "https://www.woolworths.com.au/shop/productdetails/77075",
    "img": "https://cdn0.woolworths.media/content/wowproductimages/medium/077075.jpg",
    "price": 5,
    "quantity": 0.5,
    "unitPrice": 10
  },
  {
    "name": "Johnny Wong Hokkien Noodles",
    "url": "https://www.woolworths.com.au/shop/productdetails/277781",
    "img": "https://cdn0.woolworths.media/content/wowproductimages/medium/277781.jpg",
    "price": 5,
    "quantity": 0.5,
    "unitPrice": 10
  },
  {
    "name": "Johnny Wong Singapore Noodles",
    "url": "https://www.woolworths.com.au/shop/productdetails/278393",
    "img": "https://cdn0.woolworths.media/content/wowproductimages/medium/278393.jpg",
    "price": 5,
    "quantity": 0.5,
    "unitPrice": 10
  },
  {
    "name": "Woolworths Full Cream Milk Powder",
    "url": "https://www.woolworths.com.au/shop/productdetails/789357",
    "img": "https://cdn0.woolworths.media/content/wowproductimages/medium/789357.jpg",
    "price": 10,
    "quantity": 1,
    "unitPrice": 10
  },
  {
    "name": "Woolworths Skim Milk Powder",
    "url": "https://www.woolworths.com.au/shop/productdetails/789358",
    "img": "https://cdn0.woolworths.media/content/wowproductimages/medium/789358.jpg",
    "price": 10,
    "quantity": 1,
    "unitPrice": 10
  },
  {
    "name": "Heinz Steam Fresh Vegetables Frozen Broccoli Carrot Cauliflower",
    "url": "https://www.woolworths.com.au/shop/productdetails/211189",
    "img": "https://cdn0.woolworths.media/content/wowproductimages/medium/211189.jpg",
    "price": 4.5,
    "quantity": 0.45,
    "unitPrice": 10
  },
  {
    "name": "Heinz Steam Fresh Vegetables Frozen Veg Carrots, Corn & Broccoli",
    "url": "https://www.woolworths.com.au/shop/productdetails/211190",
    "img": "https://cdn0.woolworths.media/content/wowproductimages/medium/211190.jpg",
    "price": 4.5,
    "quantity": 0.45,
    "unitPrice": 10
  },
  {
    "name": "Heinz Steam Fresh Vegetables Frozen Veg Beans Broccoli Peas",
    "url": "https://www.woolworths.com.au/shop/productdetails/260848",
    "img": "https://cdn0.woolworths.media/content/wowproductimages/medium/260848.jpg",
    "price": 4.5,
    "quantity": 0.45,
    "unitPrice": 10
  },
  {
    "name": "Heinz Steam Fresh Vegetables Frozen Veg Broccoli, Carrots & Peas",
    "url": "https://www.woolworths.com.au/shop/productdetails/228739",
    "img": "https://cdn0.woolworths.media/content/wowproductimages/medium/228739.jpg",
    "price": 4.5,
    "quantity": 0.45,
    "unitPrice": 10
  },
  {
    "name": "Mccain Pub Style Onion Rings",
    "url": "https://www.woolworths.com.au/shop/productdetails/741",
    "img": "https://cdn0.woolworths.media/content/wowproductimages/medium/000741.jpg",
    "price": 5,
    "quantity": 0.5,
    "unitPrice": 10
  },
  {
    "name": "Meadowlea Original Spread",
    "url": "https://www.woolworths.com.au/shop/productdetails/48016",
    "img": "https://cdn0.woolworths.media/content/wowproductimages/medium/048016.jpg",
    "price": 5,
    "quantity": 0.5,
    "unitPrice": 10
  },
  {
    "name": "Meadowlea Salt Reduced Spread Salt Reduced",
    "url": "https://www.woolworths.com.au/shop/productdetails/46069",
    "img": "https://cdn0.woolworths.media/content/wowproductimages/medium/046069.jpg",
    "price": 5,
    "quantity": 0.5,
    "unitPrice": 10
  },
  {
    "name": "Ardmona Pie Fruit Apples Sliced Sliced",
    "url": "https://www.woolworths.com.au/shop/productdetails/32993",
    "img": "https://cdn0.woolworths.media/content/wowproductimages/medium/032993.jpg",
    "price": 4,
    "quantity": 0.4,
    "unitPrice": 10
  },
  {
    "name": "Fresh Strawberry",
    "url": "https://www.woolworths.com.au/shop/productdetails/144607",
    "img": "https://cdn0.woolworths.media/content/wowproductimages/medium/144607.jpg",
    "price": 2.5,
    "quantity": 0.25,
    "unitPrice": 10
  },
  {
    "name": "Carbonell Extra Virgin Olive Oil",
    "url": "https://www.woolworths.com.au/shop/productdetails/68326",
    "img": "https://cdn0.woolworths.media/content/wowproductimages/medium/068326.jpg",
    "price": 30,
    "quantity": 3,
    "unitPrice": 10
  },
  {
    "name": "Carbonell Original Olive Oil",
    "url": "https://www.woolworths.com.au/shop/productdetails/68047",
    "img": "https://cdn0.woolworths.media/content/wowproductimages/medium/068047.jpg",
    "price": 30,
    "quantity": 3,
    "unitPrice": 10
  },
  {
    "name": "Moro Vinegar White Wine",
    "url": "https://www.woolworths.com.au/shop/productdetails/195090",
    "img": "https://cdn0.woolworths.media/content/wowproductimages/medium/195090.jpg",
    "price": 5,
    "quantity": 0.5,
    "unitPrice": 10
  },
  {
    "name": "Moro Vinegar Red Wine",
    "url": "https://www.woolworths.com.au/shop/productdetails/195091",
    "img": "https://cdn0.woolworths.media/content/wowproductimages/medium/195091.jpg",
    "price": 5,
    "quantity": 0.5,
    "unitPrice": 10
  },
  {
    "name": "Mazzetti Balsamic Vinegar Of Modena",
    "url": "https://www.woolworths.com.au/shop/productdetails/99709",
    "img": "https://cdn0.woolworths.media/content/wowproductimages/medium/099709.jpg",
    "price": 5,
    "quantity": 0.5,
    "unitPrice": 10
  },
  {
    "name": "Essentials Olive Oil",
    "url": "https://www.woolworths.com.au/shop/productdetails/698861",
    "img": "https://cdn0.woolworths.media/content/wowproductimages/medium/698861.jpg",
    "price": 10,
    "quantity": 1,
    "unitPrice": 10
  },
  {
    "name": "Alfa One Rice Bran Oil",
    "url": "https://www.woolworths.com.au/shop/productdetails/227756",
    "img": "https://cdn0.woolworths.media/content/wowproductimages/medium/227756.jpg",
    "price": 5,
    "quantity": 0.5,
    "unitPrice": 10
  },
  {
    "name": "Crisco Sunflower Oil",
    "url": "https://www.woolworths.com.au/shop/productdetails/39950",
    "img": "https://cdn0.woolworths.media/content/wowproductimages/medium/039950.jpg",
    "price": 7.5,
    "quantity": 0.75,
    "unitPrice": 10
  },
  {
    "name": "Gourmet Chef Thai Green Curry Sauce",
    "url": "https://www.woolworths.com.au/shop/productdetails/66287",
    "img": "https://cdn0.woolworths.media/content/wowproductimages/medium/066287.jpg",
    "price": 4.5,
    "quantity": 0.45,
    "unitPrice": 10
  },
  {
    "name": "Gourmet Chef Marinara Sauce",
    "url": "https://www.woolworths.com.au/shop/productdetails/802908",
    "img": "https://cdn0.woolworths.media/content/wowproductimages/medium/802908.jpg",
    "price": 4.5,
    "quantity": 0.45,
    "unitPrice": 10
  },
  {
    "name": "Gourmet Chef Thai Red Curry Sauce",
    "url": "https://www.woolworths.com.au/shop/productdetails/66289",
    "img": "https://cdn0.woolworths.media/content/wowproductimages/medium/066289.jpg",
    "price": 4.5,
    "quantity": 0.45,
    "unitPrice": 10
  },
  {
    "name": "Gourmet Chef Chilli Mussel Sauce",
    "url": "https://www.woolworths.com.au/shop/productdetails/802907",
    "img": "https://cdn0.woolworths.media/content/wowproductimages/medium/802907.jpg",
    "price": 4.5,
    "quantity": 0.45,
    "unitPrice": 10
  },
  {
    "name": "Woolworths Fresh Whole Black Mussels",
    "url": "https://www.woolworths.com.au/shop/productdetails/62900",
    "img": "https://cdn0.woolworths.media/content/wowproductimages/medium/062900.jpg",
    "price": 10,
    "quantity": 1,
    "unitPrice": 10
  },
  {
    "name": "Tip Top Raisin Fruit Bread Loaf Toast",
    "url": "https://www.woolworths.com.au/shop/productdetails/3805",
    "img": "https://cdn0.woolworths.media/content/wowproductimages/medium/003805.jpg",
    "price": 5.2,
    "quantity": 0.52,
    "unitPrice": 10
  },
  {
    "name": "Burgen Cholesterol Lowering Whole Grain & Oats Bread Loaf",
    "url": "https://www.woolworths.com.au/shop/productdetails/294686",
    "img": "https://cdn0.woolworths.media/content/wowproductimages/medium/294686.jpg",
    "price": 7,
    "quantity": 0.7,
    "unitPrice": 10
  },
  {
    "name": "Woolworths Cherry Tomatoes Punnet",
    "url": "https://www.woolworths.com.au/shop/productdetails/149620",
    "img": "https://cdn0.woolworths.media/content/wowproductimages/medium/149620.jpg",
    "price": 2.5,
    "quantity": 0.25,
    "unitPrice": 10
  },
  {
    "name": "Woolworths Washed & Ready To Cook Pumpkin Cubes",
    "url": "https://www.woolworths.com.au/shop/productdetails/159072",
    "img": "https://cdn0.woolworths.media/content/wowproductimages/medium/159072.jpg",
    "price": 5,
    "quantity": 0.5,
    "unitPrice": 10
  },
  {
    "name": "Woolworths Diced Pumpkin & Sweet Potato",
    "url": "https://www.woolworths.com.au/shop/productdetails/30758",
    "img": "https://cdn0.woolworths.media/content/wowproductimages/medium/030758.jpg",
    "price": 5,
    "quantity": 0.5,
    "unitPrice": 10
  },
  {
    "name": "Woolworths Washed & Ready To Cook Mixed Rainbow Vegetables",
    "url": "https://www.woolworths.com.au/shop/productdetails/159074",
    "img": "https://cdn0.woolworths.media/content/wowproductimages/medium/159074.jpg",
    "price": 7.5,
    "quantity": 0.75,
    "unitPrice": 10
  },
  {
    "name": "Woolworths Sliced Potato",
    "url": "https://www.woolworths.com.au/shop/productdetails/94978",
    "img": "https://cdn0.woolworths.media/content/wowproductimages/medium/094978.jpg",
    "price": 4.5,
    "quantity": 0.45,
    "unitPrice": 10
  },
  {
    "name": "Woolworths Full Cream Milk Powder",
    "url": "https://www.woolworths.com.au/shop/productdetails/789357",
    "img": "https://cdn0.woolworths.media/content/wowproductimages/medium/789357.jpg",
    "price": 10,
    "quantity": 1,
    "unitPrice": 10
  },
  {
    "name": "Woolworths Skim Milk Powder",
    "url": "https://www.woolworths.com.au/shop/productdetails/789358",
    "img": "https://cdn0.woolworths.media/content/wowproductimages/medium/789358.jpg",
    "price": 10,
    "quantity": 1,
    "unitPrice": 10
  },
  {
    "name": "Brownes Dairy Choc Natural Flavoured Milk",
    "url": "https://www.woolworths.com.au/shop/productdetails/263671",
    "img": "https://cdn0.woolworths.media/content/wowproductimages/medium/263671.jpg",
    "price": 2.5,
    "quantity": 0.25,
    "unitPrice": 10
  },
  {
    "name": "Brownes Dairy Vanilla Natural Flavoured Milk",
    "url": "https://www.woolworths.com.au/shop/productdetails/262800",
    "img": "https://cdn0.woolworths.media/content/wowproductimages/medium/262800.jpg",
    "price": 2.5,
    "quantity": 0.25,
    "unitPrice": 10
  },
  {
    "name": "Chobani Oat Yogurt Vanilla",
    "url": "https://www.woolworths.com.au/shop/productdetails/229861",
    "img": "https://cdn0.woolworths.media/content/wowproductimages/medium/229861.jpg",
    "price": 5,
    "quantity": 0.5,
    "unitPrice": 10
  },
  {
    "name": "Chobani Oat Yogurt Strawberry Dairy Free",
    "url": "https://www.woolworths.com.au/shop/productdetails/267145",
    "img": "https://cdn0.woolworths.media/content/wowproductimages/medium/267145.jpg",
    "price": 5,
    "quantity": 0.5,
    "unitPrice": 10
  },
  {
    "name": "Farmers Union Greek Style Lactose Free Yoghurt",
    "url": "https://www.woolworths.com.au/shop/productdetails/85067",
    "img": "https://cdn0.woolworths.media/content/wowproductimages/medium/085067.jpg",
    "price": 5,
    "quantity": 0.5,
    "unitPrice": 10
  },
  {
    "name": "Trc Low Gi Rice Cumin & Turmeric 200g The Rice Company One Pot Rice With Cumin & Turmeric",
    "url": "https://www.woolworths.com.au/shop/productdetails/222643",
    "img": "https://cdn0.woolworths.media/content/wowproductimages/medium/222643.jpg",
    "price": 2,
    "quantity": 0.2,
    "unitPrice": 10
  },
  {
    "name": "Trc The Rice Company One Pot Rice With Lentils & Quinoa",
    "url": "https://www.woolworths.com.au/shop/productdetails/222433",
    "img": "https://cdn0.woolworths.media/content/wowproductimages/medium/222433.jpg",
    "price": 2,
    "quantity": 0.2,
    "unitPrice": 10
  },
  {
    "name": "Trc The Rice Company One Pot Rice With Red Lentils & Herbs",
    "url": "https://www.woolworths.com.au/shop/productdetails/222595",
    "img": "https://cdn0.woolworths.media/content/wowproductimages/medium/222595.jpg",
    "price": 2,
    "quantity": 0.2,
    "unitPrice": 10
  },
  {
    "name": "Pasta Roma Gluten Free Rigatoni",
    "url": "https://www.woolworths.com.au/shop/productdetails/200194",
    "img": "https://cdn0.woolworths.media/content/wowproductimages/medium/200194.jpg",
    "price": 3.5,
    "quantity": 0.35,
    "unitPrice": 10
  },
  {
    "name": "Pasta Roma Gluten Free Macaroni",
    "url": "https://www.woolworths.com.au/shop/productdetails/199670",
    "img": "https://cdn0.woolworths.media/content/wowproductimages/medium/199670.jpg",
    "price": 3.5,
    "quantity": 0.35,
    "unitPrice": 10
  },
  {
    "name": "Pasta Roma Gluten Free Spirals",
    "url": "https://www.woolworths.com.au/shop/productdetails/199385",
    "img": "https://cdn0.woolworths.media/content/wowproductimages/medium/199385.jpg",
    "price": 3.5,
    "quantity": 0.35,
    "unitPrice": 10
  },
  {
    "name": "Pasta Roma Gluten Free Penne",
    "url": "https://www.woolworths.com.au/shop/productdetails/198648",
    "img": "https://cdn0.woolworths.media/content/wowproductimages/medium/198648.jpg",
    "price": 3.5,
    "quantity": 0.35,
    "unitPrice": 10
  },
  {
    "name": "Sunrice Microwave Black Rice Pouch Black Rice",
    "url": "https://www.woolworths.com.au/shop/productdetails/252068",
    "img": "https://cdn0.woolworths.media/content/wowproductimages/medium/252068.jpg",
    "price": 2.5,
    "quantity": 0.25,
    "unitPrice": 10
  },
  {
    "name": "Pasta Roma Gluten Free Farm Animals Pasta",
    "url": "https://www.woolworths.com.au/shop/productdetails/297003",
    "img": "https://cdn0.woolworths.media/content/wowproductimages/medium/297003.jpg",
    "price": 3.5,
    "quantity": 0.35,
    "unitPrice": 10
  },
  {
    "name": "Sunrice Microwave Red Rice Pouch",
    "url": "https://www.woolworths.com.au/shop/productdetails/252181",
    "img": "https://cdn0.woolworths.media/content/wowproductimages/medium/252181.jpg",
    "price": 2.5,
    "quantity": 0.25,
    "unitPrice": 10
  },
  {
    "name": "Woolworths Special Fried Rice",
    "url": "https://www.woolworths.com.au/shop/productdetails/105818",
    "img": "https://cdn0.woolworths.media/content/wowproductimages/medium/105818.jpg",
    "price": 2.5,
    "quantity": 0.25,
    "unitPrice": 10
  },
  {
    "name": "Woolworths Mexican Style Rice",
    "url": "https://www.woolworths.com.au/shop/productdetails/105819",
    "img": "https://cdn0.woolworths.media/content/wowproductimages/medium/105819.jpg",
    "price": 2.5,
    "quantity": 0.25,
    "unitPrice": 10
  },
  {
    "name": "Macro White Quinoa",
    "url": "https://www.woolworths.com.au/shop/productdetails/499695",
    "img": "https://cdn0.woolworths.media/content/wowproductimages/medium/499695.jpg",
    "price": 10,
    "quantity": 1,
    "unitPrice": 10
  },
  {
    "name": "Trc Japanese Sushi Rice 500g The Rice Company Japanese Sushi Rice",
    "url": "https://www.woolworths.com.au/shop/productdetails/222416",
    "img": "https://cdn0.woolworths.media/content/wowproductimages/medium/222416.jpg",
    "price": 5,
    "quantity": 0.5,
    "unitPrice": 10
  },
  {
    "name": "Trc Italian Risotto Rice 500g The Rice Company Italian Risotto Rice",
    "url": "https://www.woolworths.com.au/shop/productdetails/222591",
    "img": "https://cdn0.woolworths.media/content/wowproductimages/medium/222591.jpg",
    "price": 5,
    "quantity": 0.5,
    "unitPrice": 10
  },
  {
    "name": "Woolworths Corned Beef Silverside",
    "url": "https://www.woolworths.com.au/shop/productdetails/148345",
    "img": "https://cdn0.woolworths.media/content/wowproductimages/medium/148345.jpg",
    "price": 20,
    "quantity": 2.1,
    "unitPrice": 10
  },
  {
    "name": "Woolworths Lamb Leg Roast Half",
    "url": "https://www.woolworths.com.au/shop/productdetails/764968",
    "img": "https://cdn0.woolworths.media/content/wowproductimages/medium/764968.jpg",
    "price": 16,
    "quantity": 1.6,
    "unitPrice": 10
  },
  {
    "name": "Woolworths Pork Shoulder Roast Boneless Boneless Small",
    "url": "https://www.woolworths.com.au/shop/productdetails/764541",
    "img": "https://cdn0.woolworths.media/content/wowproductimages/medium/764541.jpg",
    "price": 28,
    "quantity": 2.8,
    "unitPrice": 10
  },
  {
    "name": "Lamb Leg Roast",
    "url": "https://www.woolworths.com.au/shop/productdetails/764979",
    "img": "https://cdn0.woolworths.media/content/wowproductimages/medium/764979.jpg",
    "price": 28,
    "quantity": 2.8,
    "unitPrice": 10
  },
  {
    "name": "Woolworths Rspca Approved Chicken Mince",
    "url": "https://www.woolworths.com.au/shop/productdetails/321106",
    "img": "https://cdn0.woolworths.media/content/wowproductimages/medium/321106.jpg",
    "price": 10,
    "quantity": 1,
    "unitPrice": 10
  },
  {
    "name": "Woolworths Southern Style Chicken Portions",
    "url": "https://www.woolworths.com.au/shop/productdetails/134037",
    "img": "https://cdn0.woolworths.media/content/wowproductimages/medium/134037.jpg",
    "price": 13,
    "quantity": 1.3,
    "unitPrice": 10
  },
  {
    "name": "Always Fresh Garlic Minced Jar",
    "url": "https://www.woolworths.com.au/shop/productdetails/205293",
    "img": "https://cdn0.woolworths.media/content/wowproductimages/medium/205293.jpg",
    "price": 4,
    "quantity": 0.4,
    "unitPrice": 10
  },
  {
    "name": "Saxa Natural Pink Himalayan Rock Salt",
    "url": "https://www.woolworths.com.au/shop/productdetails/445775",
    "img": "https://cdn0.woolworths.media/content/wowproductimages/medium/445775.jpg",
    "price": 5,
    "quantity": 0.5,
    "unitPrice": 10
  },
  {
    "name": "Woolworths Chicken Salt",
    "url": "https://www.woolworths.com.au/shop/productdetails/73717",
    "img": "https://cdn0.woolworths.media/content/wowproductimages/medium/073717.jpg",
    "price": 4,
    "quantity": 0.4,
    "unitPrice": 10
  },
  {
    "name": "Carman's Aussie Oat Clusters Honey Crunch",
    "url": "https://www.woolworths.com.au/shop/productdetails/383792",
    "img": "https://cdn0.woolworths.media/content/wowproductimages/medium/383792.jpg",
    "price": 4.5,
    "quantity": 0.45,
    "unitPrice": 10
  },
  {
    "name": "Carman's Aussie Oat Clusters Berry Crunch",
    "url": "https://www.woolworths.com.au/shop/productdetails/385531",
    "img": "https://cdn0.woolworths.media/content/wowproductimages/medium/385531.jpg",
    "price": 4.5,
    "quantity": 0.45,
    "unitPrice": 10
  },
  {
    "name": "Carman?s Aussie Oat Clusters Apple Crunch",
    "url": "https://www.woolworths.com.au/shop/productdetails/383849",
    "img": "https://cdn0.woolworths.media/content/wowproductimages/medium/383849.jpg",
    "price": 4.5,
    "quantity": 0.45,
    "unitPrice": 10
  },
  {
    "name": "Carman's Aussie Oat Clusters Cocoa Crunch",
    "url": "https://www.woolworths.com.au/shop/productdetails/383259",
    "img": "https://cdn0.woolworths.media/content/wowproductimages/medium/383259.jpg",
    "price": 4.5,
    "quantity": 0.45,
    "unitPrice": 10
  },
  {
    "name": "White Wings Pancake Mix Original Shaker",
    "url": "https://www.woolworths.com.au/shop/productdetails/96730",
    "img": "https://cdn0.woolworths.media/content/wowproductimages/medium/096730.jpg",
    "price": 3.5,
    "quantity": 0.35,
    "unitPrice": 10
  },
  {
    "name": "Saunders Malt Extract",
    "url": "https://www.woolworths.com.au/shop/productdetails/35176",
    "img": "https://cdn0.woolworths.media/content/wowproductimages/medium/035176.jpg",
    "price": 10,
    "quantity": 1,
    "unitPrice": 10
  },
  {
    "name": "Leggo's Pizza Sauce Garlic, Onion & Herbs Squeeze",
    "url": "https://www.woolworths.com.au/shop/productdetails/259593",
    "img": "https://cdn0.woolworths.media/content/wowproductimages/medium/259593.jpg",
    "price": 4,
    "quantity": 0.4,
    "unitPrice": 10
  },
  {
    "name": "Leggo's Tomato Paste Squeeze",
    "url": "https://www.woolworths.com.au/shop/productdetails/259592",
    "img": "https://cdn0.woolworths.media/content/wowproductimages/medium/259592.jpg",
    "price": 4,
    "quantity": 0.4,
    "unitPrice": 10
  },
  {
    "name": "Heinz Ketchup Tomato Sauce Ketchup",
    "url": "https://www.woolworths.com.au/shop/productdetails/83563",
    "img": "https://cdn0.woolworths.media/content/wowproductimages/medium/083563.jpg",
    "price": 5,
    "quantity": 0.5,
    "unitPrice": 10
  },
  {
    "name": "Woolworths Tartare Sauce",
    "url": "https://www.woolworths.com.au/shop/productdetails/87914",
    "img": "https://cdn0.woolworths.media/content/wowproductimages/medium/087914.jpg",
    "price": 2.5,
    "quantity": 0.25,
    "unitPrice": 10
  },
  {
    "name": "Leggo's Eat Well Tomato & Basil Pasta Sauce With Prebiotic Fibre",
    "url": "https://www.woolworths.com.au/shop/productdetails/226227",
    "img": "https://cdn0.woolworths.media/content/wowproductimages/medium/226227.jpg",
    "price": 5,
    "quantity": 0.5,
    "unitPrice": 10
  },
  {
    "name": "Woolworths Secret Burger Sauce",
    "url": "https://www.woolworths.com.au/shop/productdetails/679544",
    "img": "https://cdn0.woolworths.media/content/wowproductimages/medium/679544.jpg",
    "price": 3.3,
    "quantity": 0.33,
    "unitPrice": 10
  },
  {
    "name": "Heinz Smokey Bbq Sauce Barbecue Sauce",
    "url": "https://www.woolworths.com.au/shop/productdetails/683110",
    "img": "https://cdn0.woolworths.media/content/wowproductimages/medium/683110.jpg",
    "price": 5,
    "quantity": 0.5,
    "unitPrice": 10
  },
  {
    "name": "Heinz Ketchup Tomato Sauce 50% Less Added Sugar & Salt",
    "url": "https://www.woolworths.com.au/shop/productdetails/607577",
    "img": "https://cdn0.woolworths.media/content/wowproductimages/medium/607577.jpg",
    "price": 5,
    "quantity": 0.5,
    "unitPrice": 10
  },
  {
    "name": "Leggo's Eat Well Bolognese Pasta Sauce",
    "url": "https://www.woolworths.com.au/shop/productdetails/224670",
    "img": "https://cdn0.woolworths.media/content/wowproductimages/medium/224670.jpg",
    "price": 5,
    "quantity": 0.5,
    "unitPrice": 10
  },
  {
    "name": "Queen Imitation Flavouring Vanilla",
    "url": "https://www.woolworths.com.au/shop/productdetails/141858",
    "img": "https://cdn0.woolworths.media/content/wowproductimages/medium/141858.jpg",
    "price": 3,
    "quantity": 0.3,
    "unitPrice": 10
  },
  {
    "name": "White Wings Pancake Mix Original Shaker",
    "url": "https://www.woolworths.com.au/shop/productdetails/96730",
    "img": "https://cdn0.woolworths.media/content/wowproductimages/medium/096730.jpg",
    "price": 3.5,
    "quantity": 0.35,
    "unitPrice": 10
  },
  {
    "name": "Woolworths Free From Gluten Brownie Mix",
    "url": "https://www.woolworths.com.au/shop/productdetails/770073",
    "img": "https://cdn0.woolworths.media/content/wowproductimages/medium/770073.jpg",
    "price": 4,
    "quantity": 0.4,
    "unitPrice": 10
  },
  {
    "name": "Nirvana Organics Stevia Liquid 30ml",
    "url": "https://www.woolworths.com.au/shop/productdetails/1073778100",
    "img": "https://cdn0.woolworths.media/content/wowproductimages/medium/1073778100.jpg",
    "price": 10,
    "quantity": 1,
    "unitPrice": 10
  },
  {
    "name": "Woolworths Dried & Diced Apricots",
    "url": "https://www.woolworths.com.au/shop/productdetails/89722",
    "img": "https://cdn0.woolworths.media/content/wowproductimages/medium/089722.jpg",
    "price": 2,
    "quantity": 0.2,
    "unitPrice": 10
  },
  {
    "name": "Macro Organic Flour White Spelt",
    "url": "https://www.woolworths.com.au/shop/productdetails/335400",
    "img": "https://cdn0.woolworths.media/content/wowproductimages/medium/335400.jpg",
    "price": 7.5,
    "quantity": 0.75,
    "unitPrice": 10
  },
  {
    "name": "Woolworths Raisins",
    "url": "https://www.woolworths.com.au/shop/productdetails/726364",
    "img": "https://cdn0.woolworths.media/content/wowproductimages/medium/726364.jpg",
    "price": 3.75,
    "quantity": 0.375,
    "unitPrice": 10
  },
  {
    "name": "White Wings Gluten Free Plain Flour",
    "url": "https://www.woolworths.com.au/shop/productdetails/142200",
    "img": "https://cdn0.woolworths.media/content/wowproductimages/medium/142200.jpg",
    "price": 5,
    "quantity": 0.5,
    "unitPrice": 10
  },
  {
    "name": "White Wings Gluten Free Self Raising Flour",
    "url": "https://www.woolworths.com.au/shop/productdetails/141350",
    "img": "https://cdn0.woolworths.media/content/wowproductimages/medium/141350.jpg",
    "price": 5,
    "quantity": 0.5,
    "unitPrice": 10
  },
  {
    "name": "Macro Organic Flour Wholemeal Spelt",
    "url": "https://www.woolworths.com.au/shop/productdetails/335402",
    "img": "https://cdn0.woolworths.media/content/wowproductimages/medium/335402.jpg",
    "price": 7.5,
    "quantity": 0.75,
    "unitPrice": 10
  },
  {
    "name": "Macro Organic Buckwheat Flour",
    "url": "https://www.woolworths.com.au/shop/productdetails/579236",
    "img": "https://cdn0.woolworths.media/content/wowproductimages/medium/579236.jpg",
    "price": 5,
    "quantity": 0.5,
    "unitPrice": 10
  },
  {
    "name": "Milk Chocolate Chunk Cookie Mix",
    "url": "https://www.coles.com.au/product/betty-crocker-milk-chocolate-chunk-cookie-mix-485g-9491138",
    "img": "https://productimages.coles.com.au/productimages/9/9491138.jpg",
    "price": 4.9,
    "quantity": 0.485,
    "unitPrice": 10.1
  },
  {
    "name": "Triple Choc Muffin Mix",
    "url": "https://www.coles.com.au/product/green's-triple-choc-muffin-mix-425g-3997190",
    "img": "https://productimages.coles.com.au/productimages/3/3997190.jpg",
    "price": 4.3,
    "quantity": 0.425,
    "unitPrice": 10.1
  },
  {
    "name": "Goodness Bowl Wholegrain Flakes Oat Clusters Pumpkin Seeds And Almonds",
    "url": "https://www.coles.com.au/product/uncle-tobys-goodness-bowl-wholegrain-flakes-oat-clusters-pumpkin-seeds-and-almonds-645g-4308449",
    "img": "https://productimages.coles.com.au/productimages/4/4308449.jpg",
    "price": 6.5,
    "quantity": 0.645,
    "unitPrice": 10.1
  },
  {
    "name": "Red Bean",
    "url": "https://www.coles.com.au/product/pandaroo-red-bean-375g-3740138",
    "img": "https://productimages.coles.com.au/productimages/3/3740138.jpg",
    "price": 3.8,
    "quantity": 0.375,
    "unitPrice": 10.1
  },
  {
    "name": "Extra Hot Chilli Sauce",
    "url": "https://www.coles.com.au/product/abc-extra-hot-chilli-sauce-335ml-5422199",
    "img": "https://productimages.coles.com.au/productimages/5/5422199.jpg",
    "price": 3.4,
    "quantity": 0.335,
    "unitPrice": 10.1
  },
  {
    "name": "Original Chilli Sauce",
    "url": "https://www.coles.com.au/product/abc-original-chilli-sauce-335ml-5422202",
    "img": "https://productimages.coles.com.au/productimages/5/5422202.jpg",
    "price": 3.4,
    "quantity": 0.335,
    "unitPrice": 10.1
  },
  {
    "name": "Extra Virgin Olive Oil",
    "url": "https://www.coles.com.au/product/la-espanola-extra-virgin-olive-oil-3.78l-3233399",
    "img": "https://productimages.coles.com.au/productimages/3/3233399.jpg",
    "price": 38,
    "quantity": 3.78,
    "unitPrice": 10.1
  },
  {
    "name": "Australian Peanut Oil",
    "url": "https://www.coles.com.au/product/picky-picky-australian-peanut-oil-790ml-2693000",
    "img": "https://productimages.coles.com.au/productimages/2/2693000.jpg",
    "price": 8,
    "quantity": 0.79,
    "unitPrice": 10.1
  },
  {
    "name": "Butter Chicken Cooking Sauce",
    "url": "https://www.coles.com.au/product/masterfoods-butter-chicken-cooking-sauce-485g-2395329",
    "img": "https://productimages.coles.com.au/productimages/2/2395329.jpg",
    "price": 4.9,
    "quantity": 0.485,
    "unitPrice": 10.1
  },
  {
    "name": "Abc Chilli Sauce Extra Hot",
    "url": "https://www.woolworths.com.au/shop/productdetails/168680",
    "img": "https://cdn0.woolworths.media/content/wowproductimages/medium/168680.jpg",
    "price": 3.4,
    "quantity": 0.34,
    "unitPrice": 10.1
  },
  {
    "name": "Green's Temptations Jumbo Triple Choc Muffin Mix",
    "url": "https://www.woolworths.com.au/shop/productdetails/145251",
    "img": "https://cdn0.woolworths.media/content/wowproductimages/medium/145251.jpg",
    "price": 4.3,
    "quantity": 0.425,
    "unitPrice": 10.1
  },
  {
    "name": "Mini Dark Brown Sugar Mantou",
    "url": "https://www.coles.com.au/product/seng-hork-mini-dark-brown-sugar-mantou-550g-5212980",
    "img": "https://productimages.coles.com.au/productimages/5/5212980.jpg",
    "price": 5.6,
    "quantity": 0.55,
    "unitPrice": 10.2
  },
  {
    "name": "Free Range Natural Living Extra Large Eggs 12 pack",
    "url": "https://www.coles.com.au/product/pace-farm-free-range-natural-living-extra-large-eggs-12-pack-700g-8736750",
    "img": "https://productimages.coles.com.au/productimages/8/8736750.jpg",
    "price": 7.15,
    "quantity": 0.7,
    "unitPrice": 10.2
  },
  {
    "name": "Banana Bread",
    "url": "https://www.coles.com.au/product/coles-banana-bread-550g-9120090",
    "img": "https://productimages.coles.com.au/productimages/9/9120090.jpg",
    "price": 5.6,
    "quantity": 0.55,
    "unitPrice": 10.2
  },
  {
    "name": "Devon",
    "url": "https://www.coles.com.au/product/hans-devon-approx.-100g-2076524",
    "img": "https://productimages.coles.com.au/productimages/2/2076524.jpg",
    "price": 1.02,
    "quantity": 0.1,
    "unitPrice": 10.2
  },
  {
    "name": "Devon",
    "url": "https://www.coles.com.au/product/hans-devon-approx.-100g-2076524",
    "img": "https://productimages.coles.com.au/productimages/2/2076524.jpg",
    "price": 1.02,
    "quantity": 0.1,
    "unitPrice": 10.2
  },
  {
    "name": "Rainbow Cake Mix",
    "url": "https://www.coles.com.au/product/betty-crocker-rainbow-cake-mix-480g-3765478",
    "img": "https://productimages.coles.com.au/productimages/3/3765478.jpg",
    "price": 4.9,
    "quantity": 0.48,
    "unitPrice": 10.2
  },
  {
    "name": "Red Velvet Cake Mix",
    "url": "https://www.coles.com.au/product/betty-crocker-red-velvet-cake-mix-480g-3765489",
    "img": "https://productimages.coles.com.au/productimages/3/3765489.jpg",
    "price": 4.9,
    "quantity": 0.48,
    "unitPrice": 10.2
  },
  {
    "name": "Pouch Tuscan Chicken & Vegetable Soup",
    "url": "https://www.coles.com.au/product/la-zuppa-pouch-tuscan-chicken-&-vegetable-soup-540g-1163317",
    "img": "https://productimages.coles.com.au/productimages/1/1163317.jpg",
    "price": 5.5,
    "quantity": 0.54,
    "unitPrice": 10.2
  },
  {
    "name": "Pouch Roasted Pumpkin Soup",
    "url": "https://www.coles.com.au/product/la-zuppa-pouch-roasted-pumpkin-soup-540g-1163328",
    "img": "https://productimages.coles.com.au/productimages/1/1163328.jpg",
    "price": 5.5,
    "quantity": 0.54,
    "unitPrice": 10.2
  },
  {
    "name": "Pouch Rustic Vegetable & Bean Soup",
    "url": "https://www.coles.com.au/product/la-zuppa-pouch-rustic-vegetable-&-bean-soup-540g-1163350",
    "img": "https://productimages.coles.com.au/productimages/1/1163350.jpg",
    "price": 5.5,
    "quantity": 0.54,
    "unitPrice": 10.2
  },
  {
    "name": "Pouch Creamy Chicken & Vegetable Soup",
    "url": "https://www.coles.com.au/product/la-zuppa-pouch-creamy-chicken-&-vegetable-soup-540g-1727570",
    "img": "https://productimages.coles.com.au/productimages/1/1727570.jpg",
    "price": 5.5,
    "quantity": 0.54,
    "unitPrice": 10.2
  },
  {
    "name": "Pouch Chunky Tomato & Vegetable Soup",
    "url": "https://www.coles.com.au/product/la-zuppa-pouch-chunky-tomato-&-vegetable-soup-540g-3402565",
    "img": "https://productimages.coles.com.au/productimages/3/3402565.jpg",
    "price": 5.5,
    "quantity": 0.54,
    "unitPrice": 10.2
  },
  {
    "name": "Vermicelli Rice Noodles",
    "url": "https://www.coles.com.au/product/chang's-vermicelli-rice-noodles-250g-5609484",
    "img": "https://productimages.coles.com.au/productimages/5/5609484.jpg",
    "price": 2.55,
    "quantity": 0.25,
    "unitPrice": 10.2
  },
  {
    "name": "Peak Bubble Tea Brown Sugar",
    "url": "https://www.coles.com.au/product/lotus-peak-bubble-tea-brown-sugar-490ml-4212292",
    "img": "https://productimages.coles.com.au/productimages/4/4212292.jpg",
    "price": 5,
    "quantity": 0.49,
    "unitPrice": 10.2
  },
  {
    "name": "Peak Bubble Tea Taro",
    "url": "https://www.coles.com.au/product/lotus-peak-bubble-tea-taro-490ml-5011638",
    "img": "https://productimages.coles.com.au/productimages/5/5011638.jpg",
    "price": 5,
    "quantity": 0.49,
    "unitPrice": 10.2
  },
  {
    "name": "Peak Bubble Tea Bursting Boba Mango Dragon Fruit",
    "url": "https://www.coles.com.au/product/lotus-peak-bubble-tea-bursting-boba-mango-dragon-fruit-490ml-5011650",
    "img": "https://productimages.coles.com.au/productimages/5/5011650.jpg",
    "price": 5,
    "quantity": 0.49,
    "unitPrice": 10.2
  },
  {
    "name": "Bubble Tea Bursting Boba Passionfruit Apple",
    "url": "https://www.coles.com.au/product/lotus-peak-bubble-tea-bursting-boba-passionfruit-apple-490ml-5011660",
    "img": "https://productimages.coles.com.au/productimages/5/5011660.jpg",
    "price": 5,
    "quantity": 0.49,
    "unitPrice": 10.2
  },
  {
    "name": "Asia Oyster Sauce",
    "url": "https://www.coles.com.au/product/coles-asia-oyster-sauce-440ml-5015898",
    "img": "https://productimages.coles.com.au/productimages/5/5015898.jpg",
    "price": 4.5,
    "quantity": 0.44,
    "unitPrice": 10.2
  },
  {
    "name": "Simply Nuts Crunchy Peanut Butter",
    "url": "https://www.coles.com.au/product/bega-simply-nuts-crunchy-peanut-butter-325g-3447596",
    "img": "https://productimages.coles.com.au/productimages/3/3447596.jpg",
    "price": 3.3,
    "quantity": 0.325,
    "unitPrice": 10.2
  },
  {
    "name": "Simply Nuts Smooth Peanut Butter",
    "url": "https://www.coles.com.au/product/bega-simply-nuts-smooth-peanut-butter-325g-3447600",
    "img": "https://productimages.coles.com.au/productimages/3/3447600.jpg",
    "price": 3.3,
    "quantity": 0.325,
    "unitPrice": 10.2
  },
  {
    "name": "Simply Nuts The Crunchiest Peanut Butter",
    "url": "https://www.coles.com.au/product/bega-simply-nuts-the-crunchiest-peanut-butter-325g-3605391",
    "img": "https://productimages.coles.com.au/productimages/3/3605391.jpg",
    "price": 3.3,
    "quantity": 0.325,
    "unitPrice": 10.2
  },
  {
    "name": "Pace Farm 12 Extra Large Free Range Eggs",
    "url": "https://www.woolworths.com.au/shop/productdetails/92953",
    "img": "https://cdn0.woolworths.media/content/wowproductimages/medium/092953.jpg",
    "price": 7.15,
    "quantity": 0.7,
    "unitPrice": 10.2
  },
  {
    "name": "Manning Valley 12 Extra Large Free Range Eggs",
    "url": "https://www.woolworths.com.au/shop/productdetails/313900",
    "img": "https://cdn0.woolworths.media/content/wowproductimages/medium/313900.jpg",
    "price": 7.15,
    "quantity": 0.7,
    "unitPrice": 10.2
  },
  {
    "name": "Woolworths Banana Loaf",
    "url": "https://www.woolworths.com.au/shop/productdetails/921669",
    "img": "https://cdn0.woolworths.media/content/wowproductimages/medium/921669.jpg",
    "price": 5.6,
    "quantity": 0.55,
    "unitPrice": 10.2
  },
  {
    "name": "La Zuppa Soup Pouch Chicken & Vegetable Tuscan Chicken & Vegetable",
    "url": "https://www.woolworths.com.au/shop/productdetails/750401",
    "img": "https://cdn0.woolworths.media/content/wowproductimages/medium/750401.jpg",
    "price": 5.5,
    "quantity": 0.54,
    "unitPrice": 10.2
  },
  {
    "name": "La Zuppa Soup Pouch Rustic Vegetable Rustic Vegetable",
    "url": "https://www.woolworths.com.au/shop/productdetails/750394",
    "img": "https://cdn0.woolworths.media/content/wowproductimages/medium/750394.jpg",
    "price": 5.5,
    "quantity": 0.54,
    "unitPrice": 10.2
  },
  {
    "name": "La Zuppa Soup Pouch Roasted Pumpkin Roasted Pumpkin",
    "url": "https://www.woolworths.com.au/shop/productdetails/750315",
    "img": "https://cdn0.woolworths.media/content/wowproductimages/medium/750315.jpg",
    "price": 5.5,
    "quantity": 0.54,
    "unitPrice": 10.2
  },
  {
    "name": "La Zuppa Soup Pouch Italian Style Tomato & Veg",
    "url": "https://www.woolworths.com.au/shop/productdetails/676342",
    "img": "https://cdn0.woolworths.media/content/wowproductimages/medium/676342.jpg",
    "price": 5.5,
    "quantity": 0.54,
    "unitPrice": 10.2
  },
  {
    "name": "La Zuppa Soup Pouch Creamy Chicken & Veg",
    "url": "https://www.woolworths.com.au/shop/productdetails/782293",
    "img": "https://cdn0.woolworths.media/content/wowproductimages/medium/782293.jpg",
    "price": 5.5,
    "quantity": 0.54,
    "unitPrice": 10.2
  },
  {
    "name": "La Zuppa Soup Pouch Spring Veg & Brown Rice",
    "url": "https://www.woolworths.com.au/shop/productdetails/846421",
    "img": "https://cdn0.woolworths.media/content/wowproductimages/medium/846421.jpg",
    "price": 5.5,
    "quantity": 0.54,
    "unitPrice": 10.2
  },
  {
    "name": "La Zuppa Soup Pouch Thai Style Chicken & Coconut",
    "url": "https://www.woolworths.com.au/shop/productdetails/782304",
    "img": "https://cdn0.woolworths.media/content/wowproductimages/medium/782304.jpg",
    "price": 5.5,
    "quantity": 0.54,
    "unitPrice": 10.2
  },
  {
    "name": "Woolworths Banana Loaf",
    "url": "https://www.woolworths.com.au/shop/productdetails/921669",
    "img": "https://cdn0.woolworths.media/content/wowproductimages/medium/921669.jpg",
    "price": 5.6,
    "quantity": 0.55,
    "unitPrice": 10.2
  },
  {
    "name": "Hans Devon Sliced",
    "url": "https://www.woolworths.com.au/shop/productdetails/48527",
    "img": "https://cdn0.woolworths.media/content/wowproductimages/medium/048527.jpg",
    "price": 10.2,
    "quantity": 1,
    "unitPrice": 10.2
  },
  {
    "name": "Heinz Special Burger Sauce Original Sauces",
    "url": "https://www.woolworths.com.au/shop/productdetails/59852",
    "img": "https://cdn0.woolworths.media/content/wowproductimages/medium/059852.jpg",
    "price": 3,
    "quantity": 0.295,
    "unitPrice": 10.2
  },
  {
    "name": "Abc Kecap Manis Sweet Soy Sauce",
    "url": "https://www.woolworths.com.au/shop/productdetails/720977",
    "img": "https://cdn0.woolworths.media/content/wowproductimages/medium/720977.jpg",
    "price": 2.8,
    "quantity": 0.275,
    "unitPrice": 10.2
  },
  {
    "name": "Roma Tomatoes",
    "url": "https://www.coles.com.au/product/coles-roma-tomatoes-480g-3997189",
    "img": "https://productimages.coles.com.au/productimages/3/3997189.jpg",
    "price": 4.9,
    "quantity": 0.48,
    "unitPrice": 10.21
  },
  {
    "name": "Free Range Extra Large Eggs 12 pack",
    "url": "https://www.coles.com.au/product/sunny-queen-free-range-extra-large-eggs-12-pack-700g-5417789",
    "img": "https://productimages.coles.com.au/productimages/5/5417789.jpg",
    "price": 7.2,
    "quantity": 0.7,
    "unitPrice": 10.3
  },
  {
    "name": "Creamy Australian Style Yoghurt Mango",
    "url": "https://www.coles.com.au/product/bulla-creamy-australian-style-yoghurt-mango-160g-5325319",
    "img": "https://productimages.coles.com.au/productimages/5/5325319.jpg",
    "price": 1.65,
    "quantity": 0.16,
    "unitPrice": 10.3
  },
  {
    "name": "Creamy Australian Style Yoghurt Vanilla",
    "url": "https://www.coles.com.au/product/bulla-creamy-australian-style-yoghurt-vanilla-160g-5325396",
    "img": "https://productimages.coles.com.au/productimages/5/5325396.jpg",
    "price": 1.65,
    "quantity": 0.16,
    "unitPrice": 10.3
  },
  {
    "name": "Creamy Australian Style Yoghurt Strawberry",
    "url": "https://www.coles.com.au/product/bulla-creamy-australian-style-yoghurt-strawberry-160g-5325410",
    "img": "https://productimages.coles.com.au/productimages/5/5325410.jpg",
    "price": 1.65,
    "quantity": 0.16,
    "unitPrice": 10.3
  },
  {
    "name": "Cremy Australian Style Yoghurt Natural",
    "url": "https://www.coles.com.au/product/bulla-cremy-australian-style-yoghurt-natural-160g-5325443",
    "img": "https://productimages.coles.com.au/productimages/5/5325443.jpg",
    "price": 1.65,
    "quantity": 0.16,
    "unitPrice": 10.3
  },
  {
    "name": "Bakers' Choice Milk Chocolate Melts",
    "url": "https://www.coles.com.au/product/nestle-bakers'-choice-milk-chocolate-melts-290g-305008",
    "img": "https://productimages.coles.com.au/productimages/3/305008.jpg",
    "price": 3,
    "quantity": 0.29,
    "unitPrice": 10.3
  },
  {
    "name": "Bakers' Choice Baking Dark Chocolate Melts",
    "url": "https://www.coles.com.au/product/nestle-bakers'-choice-baking-dark-chocolate-melts-290g-447578",
    "img": "https://productimages.coles.com.au/productimages/4/447578.jpg",
    "price": 3,
    "quantity": 0.29,
    "unitPrice": 10.3
  },
  {
    "name": "Bakers' Choice Baking White Chocolate Melts",
    "url": "https://www.coles.com.au/product/nestle-bakers'-choice-baking-white-chocolate-melts-290g-472848",
    "img": "https://productimages.coles.com.au/productimages/4/472848.jpg",
    "price": 3,
    "quantity": 0.29,
    "unitPrice": 10.3
  },
  {
    "name": "Kitchen Spiced Ham",
    "url": "https://www.coles.com.au/product/prairie-kitchen-spiced-ham-340g-5173436",
    "img": "https://productimages.coles.com.au/productimages/5/5173436.jpg",
    "price": 3.5,
    "quantity": 0.34,
    "unitPrice": 10.3
  },
  {
    "name": "Ramen Noodles",
    "url": "https://www.coles.com.au/product/obento-ramen-noodles-150g-2017412",
    "img": "https://productimages.coles.com.au/productimages/2/2017412.jpg",
    "price": 1.55,
    "quantity": 0.15,
    "unitPrice": 10.3
  },
  {
    "name": "Mexico Smokey Salsa Roja",
    "url": "https://www.coles.com.au/product/coles-mexico-smokey-salsa-roja-300g-3492863",
    "img": "https://productimages.coles.com.au/productimages/3/3492863.jpg",
    "price": 3.1,
    "quantity": 0.3,
    "unitPrice": 10.3
  },
  {
    "name": "Mexico Classica Salsa",
    "url": "https://www.coles.com.au/product/coles-mexico-classica-salsa-300g-4339839",
    "img": "https://productimages.coles.com.au/productimages/4/4339839.jpg",
    "price": 3.1,
    "quantity": 0.3,
    "unitPrice": 10.3
  },
  {
    "name": "Refried Beans",
    "url": "https://www.coles.com.au/product/old-el-paso-refried-beans-435g-386021",
    "img": "https://productimages.coles.com.au/productimages/3/386021.jpg",
    "price": 4.5,
    "quantity": 0.435,
    "unitPrice": 10.3
  },
  {
    "name": "Pesto Basil",
    "url": "https://www.coles.com.au/product/coles-pesto-basil-190g-5419660",
    "img": "https://productimages.coles.com.au/productimages/5/5419660.jpg",
    "price": 1.95,
    "quantity": 0.19,
    "unitPrice": 10.3
  },
  {
    "name": "Pesto Sundried Tomato",
    "url": "https://www.coles.com.au/product/coles-pesto-sundried-tomato-190g-5419707",
    "img": "https://productimages.coles.com.au/productimages/5/5419707.jpg",
    "price": 1.95,
    "quantity": 0.19,
    "unitPrice": 10.3
  },
  {
    "name": "White Wings Cookie Mix Soft Centred Choc Chip",
    "url": "https://www.woolworths.com.au/shop/productdetails/254804",
    "img": "https://cdn0.woolworths.media/content/wowproductimages/medium/254804.jpg",
    "price": 5,
    "quantity": 0.485,
    "unitPrice": 10.3
  },
  {
    "name": "Dairy Short Cut Rindless Bacon",
    "url": "https://www.coles.com.au/product/primo-dairy-short-cut-rindless-bacon-750g-4238285",
    "img": "https://productimages.coles.com.au/productimages/4/4238285.jpg",
    "price": 7.75,
    "quantity": 0.75,
    "unitPrice": 10.33
  },
  {
    "name": "Dairy Short Cut Rindless Bacon",
    "url": "https://www.coles.com.au/product/primo-dairy-short-cut-rindless-bacon-750g-4238285",
    "img": "https://productimages.coles.com.au/productimages/4/4238285.jpg",
    "price": 7.75,
    "quantity": 0.75,
    "unitPrice": 10.33
  },
  {
    "name": "Dairy Short Cut Rindless Bacon",
    "url": "https://www.coles.com.au/product/primo-dairy-short-cut-rindless-bacon-750g-4238285",
    "img": "https://productimages.coles.com.au/productimages/4/4238285.jpg",
    "price": 7.75,
    "quantity": 0.75,
    "unitPrice": 10.33
  },
  {
    "name": "Classic Pork Chilli With Beans",
    "url": "https://www.coles.com.au/product/stagg-chili-classic-pork-chilli-with-beans-425g-3398162",
    "img": "https://productimages.coles.com.au/productimages/3/3398162.jpg",
    "price": 4.4,
    "quantity": 0.425,
    "unitPrice": 10.35
  },
  {
    "name": "Dynamite Hot Chili With Beans",
    "url": "https://www.coles.com.au/product/stagg-chili-dynamite-hot-chili-with-beans-425g-3398173",
    "img": "https://productimages.coles.com.au/productimages/3/3398173.jpg",
    "price": 4.4,
    "quantity": 0.425,
    "unitPrice": 10.35
  },
  {
    "name": "Yoghurt Mango",
    "url": "https://www.coles.com.au/product/liddells-yoghurt-mango-700g-4339511",
    "img": "https://productimages.coles.com.au/productimages/4/4339511.jpg",
    "price": 7.25,
    "quantity": 0.7,
    "unitPrice": 10.4
  },
  {
    "name": "Yoghurt Vanilla Bean",
    "url": "https://www.coles.com.au/product/liddells-yoghurt-vanilla-bean-700g-4339533",
    "img": "https://productimages.coles.com.au/productimages/4/4339533.jpg",
    "price": 7.25,
    "quantity": 0.7,
    "unitPrice": 10.4
  },
  {
    "name": "Cooking Margarine",
    "url": "https://www.coles.com.au/product/fairy-cooking-margarine-250g-189279",
    "img": "https://productimages.coles.com.au/productimages/1/189279.jpg",
    "price": 2.6,
    "quantity": 0.25,
    "unitPrice": 10.4
  },
  {
    "name": "Kitchen Cheese & Garlic Baguette",
    "url": "https://www.coles.com.au/product/coles-kitchen-cheese-&-garlic-baguette-250g-3766426",
    "img": "https://productimages.coles.com.au/productimages/3/3766426.jpg",
    "price": 2.6,
    "quantity": 0.25,
    "unitPrice": 10.4
  },
  {
    "name": "Original Spread",
    "url": "https://www.coles.com.au/product/nuttelex-original-spread-500g-209161",
    "img": "https://productimages.coles.com.au/productimages/2/209161.jpg",
    "price": 5.2,
    "quantity": 0.5,
    "unitPrice": 10.4
  },
  {
    "name": "Buttery Spread",
    "url": "https://www.coles.com.au/product/nuttelex-buttery-spread-500g-3056920",
    "img": "https://productimages.coles.com.au/productimages/3/3056920.jpg",
    "price": 5.2,
    "quantity": 0.5,
    "unitPrice": 10.4
  },
  {
    "name": "Kosher Spread Tub",
    "url": "https://www.coles.com.au/product/nuttelex-kosher-spread-tub-500g-496788",
    "img": "https://productimages.coles.com.au/productimages/4/496788.jpg",
    "price": 5.2,
    "quantity": 0.5,
    "unitPrice": 10.4
  },
  {
    "name": "Cottage Pie",
    "url": "https://www.coles.com.au/product/coles-cottage-pie-1.2kg-5071200",
    "img": "https://productimages.coles.com.au/productimages/5/5071200.jpg",
    "price": 12.5,
    "quantity": 1.2,
    "unitPrice": 10.4
  },
  {
    "name": "Nap Mini Wraps Value Pack 12 Pack",
    "url": "https://www.coles.com.au/product/simson's-pantry-nap-mini-wraps-value-pack-12-pack-336g-6826590",
    "img": "https://productimages.coles.com.au/productimages/6/6826590.jpg",
    "price": 3.5,
    "quantity": 0.336,
    "unitPrice": 10.4
  },
  {
    "name": "Goodness Bowl Tasty Flakes Honey And Almonds",
    "url": "https://www.coles.com.au/product/uncle-tobys-goodness-bowl-tasty-flakes-honey-and-almonds-625g-4308471",
    "img": "https://productimages.coles.com.au/productimages/4/4308471.jpg",
    "price": 6.5,
    "quantity": 0.625,
    "unitPrice": 10.4
  },
  {
    "name": "Chilli Insanely Hot",
    "url": "https://www.coles.com.au/product/stagg-chilli-insanely-hot-425g-6264413",
    "img": "https://productimages.coles.com.au/productimages/6/6264413.jpg",
    "price": 4.4,
    "quantity": 0.425,
    "unitPrice": 10.4
  },
  {
    "name": "Tamarind Paste",
    "url": "https://www.coles.com.au/product/pantai-tamarind-paste-454g-3631846",
    "img": "https://productimages.coles.com.au/productimages/3/3631846.jpg",
    "price": 4.7,
    "quantity": 0.454,
    "unitPrice": 10.4
  },
  {
    "name": "Bulk Enchilada Kit Mexican Style",
    "url": "https://www.coles.com.au/product/old-el-paso-bulk-enchilada-kit-mexican-style-1.04kg-3750776",
    "img": "https://productimages.coles.com.au/productimages/3/3750776.jpg",
    "price": 10.8,
    "quantity": 1.04,
    "unitPrice": 10.4
  },
  {
    "name": "Rice Wine Vinegar",
    "url": "https://www.coles.com.au/product/obento-rice-wine-vinegar-250ml-4605070",
    "img": "https://productimages.coles.com.au/productimages/4/4605070.jpg",
    "price": 2.6,
    "quantity": 0.25,
    "unitPrice": 10.4
  },
  {
    "name": "Instant Lasagna Sheets Family Pack",
    "url": "https://www.coles.com.au/product/san-remo-instant-lasagna-sheets-family-pack-375g-4164495",
    "img": "https://productimages.coles.com.au/productimages/4/4164495.jpg",
    "price": 3.9,
    "quantity": 0.375,
    "unitPrice": 10.4
  },
  {
    "name": "Fairy Cooking Margarine",
    "url": "https://www.woolworths.com.au/shop/productdetails/48007",
    "img": "https://cdn0.woolworths.media/content/wowproductimages/medium/048007.jpg",
    "price": 2.6,
    "quantity": 0.25,
    "unitPrice": 10.4
  },
  {
    "name": "Lake Macquarie 12 Jumbo Free Range Eggs",
    "url": "https://www.woolworths.com.au/shop/productdetails/101565",
    "img": "https://cdn0.woolworths.media/content/wowproductimages/medium/101565.jpg",
    "price": 8.3,
    "quantity": 0.8,
    "unitPrice": 10.4
  },
  {
    "name": "Woolworths Carrot & Walnut Loaf",
    "url": "https://www.woolworths.com.au/shop/productdetails/921672",
    "img": "https://cdn0.woolworths.media/content/wowproductimages/medium/921672.jpg",
    "price": 5.6,
    "quantity": 0.54,
    "unitPrice": 10.4
  },
  {
    "name": "Woolworths Carrot & Walnut Loaf",
    "url": "https://www.woolworths.com.au/shop/productdetails/921672",
    "img": "https://cdn0.woolworths.media/content/wowproductimages/medium/921672.jpg",
    "price": 5.6,
    "quantity": 0.54,
    "unitPrice": 10.4
  },
  {
    "name": "Liddells Lactose Free Probiotic Yoghurt Vanilla Bean",
    "url": "https://www.woolworths.com.au/shop/productdetails/167407",
    "img": "https://cdn0.woolworths.media/content/wowproductimages/medium/167407.jpg",
    "price": 7.25,
    "quantity": 0.7,
    "unitPrice": 10.4
  },
  {
    "name": "Liddells Lactose Free Probiotic Yoghurt Mango",
    "url": "https://www.woolworths.com.au/shop/productdetails/167097",
    "img": "https://cdn0.woolworths.media/content/wowproductimages/medium/167097.jpg",
    "price": 7.25,
    "quantity": 0.7,
    "unitPrice": 10.4
  },
  {
    "name": "Sanitarium Weet-bix Blends Multi-grain+ Breakfast Cereal",
    "url": "https://www.woolworths.com.au/shop/productdetails/245169",
    "img": "https://cdn0.woolworths.media/content/wowproductimages/medium/245169.jpg",
    "price": 6,
    "quantity": 0.575,
    "unitPrice": 10.4
  },
  {
    "name": "Goolwa Pipico Whole Clam Chowder",
    "url": "https://www.woolworths.com.au/shop/productdetails/91090",
    "img": "https://cdn0.woolworths.media/content/wowproductimages/medium/091090.jpg",
    "price": 6,
    "quantity": 0.575,
    "unitPrice": 10.43
  },
  {
    "name": "Free Range Big Brekkie Browns Eggs 12 pack",
    "url": "https://www.coles.com.au/product/sunny-queen-free-range-big-brekkie-browns-eggs-12-pack-820g-3428401",
    "img": "https://productimages.coles.com.au/productimages/3/3428401.jpg",
    "price": 8.6,
    "quantity": 0.82,
    "unitPrice": 10.5
  },
  {
    "name": "Natural Living Eggs Free Range 12 pack",
    "url": "https://www.coles.com.au/product/pace-farm-natural-living-eggs-free-range-12-pack-800g-8736885",
    "img": "https://productimages.coles.com.au/productimages/8/8736885.jpg",
    "price": 8.4,
    "quantity": 0.8,
    "unitPrice": 10.5
  },
  {
    "name": "Olive Spread",
    "url": "https://www.coles.com.au/product/nuttelex-olive-spread-500g-5384679",
    "img": "https://productimages.coles.com.au/productimages/5/5384679.jpg",
    "price": 5.25,
    "quantity": 0.5,
    "unitPrice": 10.5
  },
  {
    "name": "Cheddar Cheese Block",
    "url": "https://www.coles.com.au/product/coles-cheddar-cheese-block-1kg-2071305",
    "img": "https://productimages.coles.com.au/productimages/2/2071305.jpg",
    "price": 10.5,
    "quantity": 1,
    "unitPrice": 10.5
  },
  {
    "name": "Firm Tofu",
    "url": "https://www.coles.com.au/product/yenson's-firm-tofu-550g-5213440",
    "img": "https://productimages.coles.com.au/productimages/5/5213440.jpg",
    "price": 5.8,
    "quantity": 0.55,
    "unitPrice": 10.5
  },
  {
    "name": "Bakery Cake Madeira Lemon",
    "url": "https://www.coles.com.au/product/coles-bakery-cake-madeira-lemon-315g-5592075",
    "img": "https://productimages.coles.com.au/productimages/5/5592075.jpg",
    "price": 3.3,
    "quantity": 0.315,
    "unitPrice": 10.5
  },
  {
    "name": "Low Carb",
    "url": "https://www.coles.com.au/product/alpine-low-carb-600g-3745481",
    "img": "https://productimages.coles.com.au/productimages/3/3745481.jpg",
    "price": 6.3,
    "quantity": 0.6,
    "unitPrice": 10.5
  },
  {
    "name": "Red Velvet Cupcakes",
    "url": "https://www.coles.com.au/product/green's-red-velvet-cupcakes-410g-2281239",
    "img": "https://productimages.coles.com.au/productimages/2/2281239.jpg",
    "price": 4.3,
    "quantity": 0.41,
    "unitPrice": 10.5
  },
  {
    "name": "Toasted Muesli Almond Honey & Dark Chocolate",
    "url": "https://www.coles.com.au/product/-sunsol-toasted-muesli-almond-honey-&-dark-chocolate-500g-7062436",
    "img": "https://productimages.coles.com.au/productimages/7/7062436.jpg",
    "price": 5.25,
    "quantity": 0.5,
    "unitPrice": 10.5
  },
  {
    "name": "Soup Of The Day Mushroom & Thyme Vegetable Soup",
    "url": "https://www.coles.com.au/product/heinz-soup-of-the-day-mushroom-&-thyme-vegetable-soup-430g-1163667",
    "img": "https://productimages.coles.com.au/productimages/1/1163667.jpg",
    "price": 4.5,
    "quantity": 0.43,
    "unitPrice": 10.5
  },
  {
    "name": "Soup Of The Day Buttercup Pumpkin Soup",
    "url": "https://www.coles.com.au/product/heinz-soup-of-the-day-buttercup-pumpkin-soup-430g-1163689",
    "img": "https://productimages.coles.com.au/productimages/1/1163689.jpg",
    "price": 4.5,
    "quantity": 0.43,
    "unitPrice": 10.5
  },
  {
    "name": "Soup Of The Day Old Fashioned Chicken Soup",
    "url": "https://www.coles.com.au/product/heinz-soup-of-the-day-old-fashioned-chicken-soup-430g-1163725",
    "img": "https://productimages.coles.com.au/productimages/1/1163725.jpg",
    "price": 4.5,
    "quantity": 0.43,
    "unitPrice": 10.5
  },
  {
    "name": "Soup Of The Day Thai Style Chicken Soup",
    "url": "https://www.coles.com.au/product/heinz-soup-of-the-day-thai-style-chicken-soup-430g-1716562",
    "img": "https://productimages.coles.com.au/productimages/1/1716562.jpg",
    "price": 4.5,
    "quantity": 0.43,
    "unitPrice": 10.5
  },
  {
    "name": "Soup Of The Day Pea & Ham Soup Pouch",
    "url": "https://www.coles.com.au/product/heinz-soup-of-the-day-pea-&-ham-soup-pouch-430g-1716573",
    "img": "https://productimages.coles.com.au/productimages/1/1716573.jpg",
    "price": 4.5,
    "quantity": 0.43,
    "unitPrice": 10.5
  },
  {
    "name": "Soup Of The Day 7 Veg With Herbs Vegetable Soup",
    "url": "https://www.coles.com.au/product/heinz-soup-of-the-day-7-veg-with-herbs-vegetable-soup-430g-2289015",
    "img": "https://productimages.coles.com.au/productimages/2/2289015.jpg",
    "price": 4.5,
    "quantity": 0.43,
    "unitPrice": 10.5
  },
  {
    "name": "Soup Of The Day Pumpkin & Cauliflower Vegetable Soup",
    "url": "https://www.coles.com.au/product/heinz-soup-of-the-day-pumpkin-&-cauliflower-vegetable-soup-430g-4801453",
    "img": "https://productimages.coles.com.au/productimages/4/4801453.jpg",
    "price": 4.5,
    "quantity": 0.43,
    "unitPrice": 10.5
  },
  {
    "name": "Sriracha Chilli Sauce",
    "url": "https://www.coles.com.au/product/pantai-sriracha-chilli-sauce-435ml-3643029",
    "img": "https://productimages.coles.com.au/productimages/3/3643029.jpg",
    "price": 4.55,
    "quantity": 0.435,
    "unitPrice": 10.5
  },
  {
    "name": "Panda Brand Oyster Sauce",
    "url": "https://www.coles.com.au/product/lee-kum-kee-panda-brand-oyster-sauce-510g-5991015",
    "img": "https://productimages.coles.com.au/productimages/5/5991015.jpg",
    "price": 5.35,
    "quantity": 0.51,
    "unitPrice": 10.5
  },
  {
    "name": "Thai Sweet Chilli Sauce Light",
    "url": "https://www.coles.com.au/product/ayam-thai-sweet-chilli-sauce-light-285ml-2107480",
    "img": "https://productimages.coles.com.au/productimages/2/2107480.jpg",
    "price": 3,
    "quantity": 0.285,
    "unitPrice": 10.5
  },
  {
    "name": "Real Mayonnaise Jar",
    "url": "https://www.coles.com.au/product/best-foods-real-mayonnaise-jar-810g-5493620",
    "img": "https://productimages.coles.com.au/productimages/5/5493620.jpg",
    "price": 8.5,
    "quantity": 0.81,
    "unitPrice": 10.5
  },
  {
    "name": "Cranberry Sauce",
    "url": "https://www.coles.com.au/product/coles-cranberry-sauce-275g-6551186",
    "img": "https://productimages.coles.com.au/productimages/6/6551186.jpg",
    "price": 2.9,
    "quantity": 0.275,
    "unitPrice": 10.5
  },
  {
    "name": "Real Mayonnaise Jar",
    "url": "https://www.coles.com.au/product/best-foods-real-mayonnaise-jar-810g-5493620",
    "img": "https://productimages.coles.com.au/productimages/5/5493620.jpg",
    "price": 8.5,
    "quantity": 0.81,
    "unitPrice": 10.5
  },
  {
    "name": "Cranberry Sauce",
    "url": "https://www.coles.com.au/product/coles-cranberry-sauce-275g-6551186",
    "img": "https://productimages.coles.com.au/productimages/6/6551186.jpg",
    "price": 2.9,
    "quantity": 0.275,
    "unitPrice": 10.5
  },
  {
    "name": "RSPCA Approved Chicken Breast Chunks",
    "url": "https://www.coles.com.au/product/coles-deli-rspca-approved-chicken-breast-chunks-approx.-250g-1976461",
    "img": "https://productimages.coles.com.au/productimages/1/1976461.jpg",
    "price": 2.62,
    "quantity": 0.25,
    "unitPrice": 10.5
  },
  {
    "name": "Pace Farm 12 Jumbo Free Range Eggs",
    "url": "https://www.woolworths.com.au/shop/productdetails/92955",
    "img": "https://cdn0.woolworths.media/content/wowproductimages/medium/092955.jpg",
    "price": 8.4,
    "quantity": 0.8,
    "unitPrice": 10.5
  },
  {
    "name": "Tablelands Health Smart Reduced Cholesterol Spread",
    "url": "https://www.woolworths.com.au/shop/productdetails/348995",
    "img": "https://cdn0.woolworths.media/content/wowproductimages/medium/348995.jpg",
    "price": 5.25,
    "quantity": 0.5,
    "unitPrice": 10.5
  },
  {
    "name": "Flora Margarine Spread Buttery",
    "url": "https://www.woolworths.com.au/shop/productdetails/247153",
    "img": "https://cdn0.woolworths.media/content/wowproductimages/medium/247153.jpg",
    "price": 5.25,
    "quantity": 0.5,
    "unitPrice": 10.5
  },
  {
    "name": "Flora Margarine Spread Light Margarine",
    "url": "https://www.woolworths.com.au/shop/productdetails/47649",
    "img": "https://cdn0.woolworths.media/content/wowproductimages/medium/047649.jpg",
    "price": 5.25,
    "quantity": 0.5,
    "unitPrice": 10.5
  },
  {
    "name": "Flora Margarine Spread Original",
    "url": "https://www.woolworths.com.au/shop/productdetails/48019",
    "img": "https://cdn0.woolworths.media/content/wowproductimages/medium/048019.jpg",
    "price": 5.25,
    "quantity": 0.5,
    "unitPrice": 10.5
  },
  {
    "name": "Flora Margarine Spread Salt Reduced Salt Reduced",
    "url": "https://www.woolworths.com.au/shop/productdetails/46066",
    "img": "https://cdn0.woolworths.media/content/wowproductimages/medium/046066.jpg",
    "price": 5.25,
    "quantity": 0.5,
    "unitPrice": 10.5
  },
  {
    "name": "Woolworths Lemon Madeira Cake",
    "url": "https://www.woolworths.com.au/shop/productdetails/921694",
    "img": "https://cdn0.woolworths.media/content/wowproductimages/medium/921694.jpg",
    "price": 3.3,
    "quantity": 0.315,
    "unitPrice": 10.5
  },
  {
    "name": "Heinz Soup Of The Day 7 Veg With Garden Herbs Soup Pouch",
    "url": "https://www.woolworths.com.au/shop/productdetails/828492",
    "img": "https://cdn0.woolworths.media/content/wowproductimages/medium/828492.jpg",
    "price": 4.5,
    "quantity": 0.43,
    "unitPrice": 10.5
  },
  {
    "name": "Heinz Soup Of The Day Old Fashioned Chicken Soup Pouch",
    "url": "https://www.woolworths.com.au/shop/productdetails/750514",
    "img": "https://cdn0.woolworths.media/content/wowproductimages/medium/750514.jpg",
    "price": 4.5,
    "quantity": 0.43,
    "unitPrice": 10.5
  },
  {
    "name": "Heinz Soup Of The Day Buttercup Pumpkin & Veg Soup Pouch",
    "url": "https://www.woolworths.com.au/shop/productdetails/750320",
    "img": "https://cdn0.woolworths.media/content/wowproductimages/medium/750320.jpg",
    "price": 4.5,
    "quantity": 0.43,
    "unitPrice": 10.5
  },
  {
    "name": "Heinz Soup Of The Day Tomato, Vegetable & Lentil Soup Pouch",
    "url": "https://www.woolworths.com.au/shop/productdetails/750525",
    "img": "https://cdn0.woolworths.media/content/wowproductimages/medium/750525.jpg",
    "price": 4.5,
    "quantity": 0.43,
    "unitPrice": 10.5
  },
  {
    "name": "Heinz Soup Of The Day Creamy Mushroom With Thyme Soup Pouch",
    "url": "https://www.woolworths.com.au/shop/productdetails/750522",
    "img": "https://cdn0.woolworths.media/content/wowproductimages/medium/750522.jpg",
    "price": 4.5,
    "quantity": 0.43,
    "unitPrice": 10.5
  },
  {
    "name": "Heinz Soup Of The Day Thai Style Chicken & Chilli Soup Pouch",
    "url": "https://www.woolworths.com.au/shop/productdetails/781560",
    "img": "https://cdn0.woolworths.media/content/wowproductimages/medium/781560.jpg",
    "price": 4.5,
    "quantity": 0.43,
    "unitPrice": 10.5
  },
  {
    "name": "Heinz Soup Of The Day Green Pea With Ham Soup Pouch",
    "url": "https://www.woolworths.com.au/shop/productdetails/781572",
    "img": "https://cdn0.woolworths.media/content/wowproductimages/medium/781572.jpg",
    "price": 4.5,
    "quantity": 0.43,
    "unitPrice": 10.5
  },
  {
    "name": "Heinz Soup Potato & Leek Soup",
    "url": "https://www.woolworths.com.au/shop/productdetails/856305",
    "img": "https://cdn0.woolworths.media/content/wowproductimages/medium/856305.jpg",
    "price": 4.5,
    "quantity": 0.43,
    "unitPrice": 10.5
  },
  {
    "name": "Heinz Soup Of The Day Veg & Lentil Chilli Paprika Soup Pouch",
    "url": "https://www.woolworths.com.au/shop/productdetails/856749",
    "img": "https://cdn0.woolworths.media/content/wowproductimages/medium/856749.jpg",
    "price": 4.5,
    "quantity": 0.43,
    "unitPrice": 10.5
  },
  {
    "name": "Heinz Soup Spicy Pumpkin Soup",
    "url": "https://www.woolworths.com.au/shop/productdetails/750524",
    "img": "https://cdn0.woolworths.media/content/wowproductimages/medium/750524.jpg",
    "price": 4.5,
    "quantity": 0.43,
    "unitPrice": 10.5
  },
  {
    "name": "Heinz Soup Of The Day Pumpkin, Cauliflower & Tumeric",
    "url": "https://www.woolworths.com.au/shop/productdetails/203960",
    "img": "https://cdn0.woolworths.media/content/wowproductimages/medium/203960.jpg",
    "price": 4.5,
    "quantity": 0.43,
    "unitPrice": 10.5
  },
  {
    "name": "Heinz Soup Of The Day Spanish-style Chicken Paella",
    "url": "https://www.woolworths.com.au/shop/productdetails/781575",
    "img": "https://cdn0.woolworths.media/content/wowproductimages/medium/781575.jpg",
    "price": 4.5,
    "quantity": 0.43,
    "unitPrice": 10.5
  },
  {
    "name": "Heinz Soup Of The Day Sweet Potato W/ Smokey Chorizo",
    "url": "https://www.woolworths.com.au/shop/productdetails/203766",
    "img": "https://cdn0.woolworths.media/content/wowproductimages/medium/203766.jpg",
    "price": 4.5,
    "quantity": 0.43,
    "unitPrice": 10.5
  },
  {
    "name": "Mission Pita Bread Pockets Wholemeal",
    "url": "https://www.woolworths.com.au/shop/productdetails/774126",
    "img": "https://cdn0.woolworths.media/content/wowproductimages/medium/774126.jpg",
    "price": 4.4,
    "quantity": 0.42,
    "unitPrice": 10.5
  },
  {
    "name": "Mission Pita Bread Pockets Plain",
    "url": "https://www.woolworths.com.au/shop/productdetails/774123",
    "img": "https://cdn0.woolworths.media/content/wowproductimages/medium/774123.jpg",
    "price": 4.4,
    "quantity": 0.42,
    "unitPrice": 10.5
  },
  {
    "name": "Woolworths Lemon Madeira Cake",
    "url": "https://www.woolworths.com.au/shop/productdetails/921694",
    "img": "https://cdn0.woolworths.media/content/wowproductimages/medium/921694.jpg",
    "price": 3.3,
    "quantity": 0.315,
    "unitPrice": 10.5
  },
  {
    "name": "Woolworths Panko Bread Crumbs",
    "url": "https://www.woolworths.com.au/shop/productdetails/83295",
    "img": "https://cdn0.woolworths.media/content/wowproductimages/medium/083295.jpg",
    "price": 2.3,
    "quantity": 0.22,
    "unitPrice": 10.5
  },
  {
    "name": "Keens Meal Base Curried Sausages",
    "url": "https://www.woolworths.com.au/shop/productdetails/214007",
    "img": "https://cdn0.woolworths.media/content/wowproductimages/medium/214007.jpg",
    "price": 3,
    "quantity": 0.285,
    "unitPrice": 10.5
  },
  {
    "name": "Keens Meal Base Creamy Honey Mustard Chicken",
    "url": "https://www.woolworths.com.au/shop/productdetails/214477",
    "img": "https://cdn0.woolworths.media/content/wowproductimages/medium/214477.jpg",
    "price": 3,
    "quantity": 0.285,
    "unitPrice": 10.5
  },
  {
    "name": "Keens Meal Base Creamy Mild Chicken Curry",
    "url": "https://www.woolworths.com.au/shop/productdetails/213157",
    "img": "https://cdn0.woolworths.media/content/wowproductimages/medium/213157.jpg",
    "price": 3,
    "quantity": 0.285,
    "unitPrice": 10.5
  },
  {
    "name": "Barilla Bolognese Pasta Sauce Bolognese",
    "url": "https://www.woolworths.com.au/shop/productdetails/315578",
    "img": "https://cdn0.woolworths.media/content/wowproductimages/medium/315578.jpg",
    "price": 4.2,
    "quantity": 0.4,
    "unitPrice": 10.5
  },
  {
    "name": "Barilla Basilico Pasta Sauce Basilico Tomato Basil",
    "url": "https://www.woolworths.com.au/shop/productdetails/78921",
    "img": "https://cdn0.woolworths.media/content/wowproductimages/medium/078921.jpg",
    "price": 4.2,
    "quantity": 0.4,
    "unitPrice": 10.5
  },
  {
    "name": "Barilla Napoletana Pasta Sauce Napoletana",
    "url": "https://www.woolworths.com.au/shop/productdetails/146359",
    "img": "https://cdn0.woolworths.media/content/wowproductimages/medium/146359.jpg",
    "price": 4.2,
    "quantity": 0.4,
    "unitPrice": 10.5
  },
  {
    "name": "Barilla Arrabbiata Pasta Sauce Arrabbiata Chilli",
    "url": "https://www.woolworths.com.au/shop/productdetails/78934",
    "img": "https://cdn0.woolworths.media/content/wowproductimages/medium/078934.jpg",
    "price": 4.2,
    "quantity": 0.4,
    "unitPrice": 10.5
  },
  {
    "name": "Ayam Thai Sweet Chilli Sauce Light",
    "url": "https://www.woolworths.com.au/shop/productdetails/367166",
    "img": "https://cdn0.woolworths.media/content/wowproductimages/medium/367166.jpg",
    "price": 3,
    "quantity": 0.285,
    "unitPrice": 10.5
  },
  {
    "name": "White Wings Brownie Mix Chocolate Chunk",
    "url": "https://www.woolworths.com.au/shop/productdetails/325191",
    "img": "https://cdn0.woolworths.media/content/wowproductimages/medium/325191.jpg",
    "price": 5,
    "quantity": 0.475,
    "unitPrice": 10.5
  },
  {
    "name": "Green's Red Velvet Cupcake Mix",
    "url": "https://www.woolworths.com.au/shop/productdetails/661509",
    "img": "https://cdn0.woolworths.media/content/wowproductimages/medium/661509.jpg",
    "price": 4.3,
    "quantity": 0.41,
    "unitPrice": 10.5
  },
  {
    "name": "Chicken Frankfurt",
    "url": "https://www.coles.com.au/product/primo-deli-express-chicken-frankfurt-750g-3052601",
    "img": "https://productimages.coles.com.au/productimages/3/3052601.jpg",
    "price": 7.9,
    "quantity": 0.75,
    "unitPrice": 10.53
  },
  {
    "name": "Chicken Frankfurt",
    "url": "https://www.coles.com.au/product/primo-deli-express-chicken-frankfurt-750g-3052601",
    "img": "https://productimages.coles.com.au/productimages/3/3052601.jpg",
    "price": 7.9,
    "quantity": 0.75,
    "unitPrice": 10.53
  },
  {
    "name": "Banana & Passionfruit Fruit Puree Blend Pouch",
    "url": "https://www.coles.com.au/product/coles-banana-&-passionfruit-fruit-puree-blend-pouch-90g-2729402",
    "img": "https://productimages.coles.com.au/productimages/2/2729402.jpg",
    "price": 0.95,
    "quantity": 0.09,
    "unitPrice": 10.56
  },
  {
    "name": "Fruit Puree Mixed Berry",
    "url": "https://www.coles.com.au/product/coles-fruit-puree-mixed-berry-90g-2729413",
    "img": "https://productimages.coles.com.au/productimages/2/2729413.jpg",
    "price": 0.95,
    "quantity": 0.09,
    "unitPrice": 10.56
  },
  {
    "name": "Mango Fruit Puree Blend Pouch",
    "url": "https://www.coles.com.au/product/coles-mango-fruit-puree-blend-pouch-90g-2729424",
    "img": "https://productimages.coles.com.au/productimages/2/2729424.jpg",
    "price": 0.95,
    "quantity": 0.09,
    "unitPrice": 10.56
  },
  {
    "name": "Strawberry Fruit Puree Blend Pouch",
    "url": "https://www.coles.com.au/product/coles-strawberry-fruit-puree-blend-pouch-90g-2729435",
    "img": "https://productimages.coles.com.au/productimages/2/2729435.jpg",
    "price": 0.95,
    "quantity": 0.09,
    "unitPrice": 10.56
  },
  {
    "name": "Woolworths Apple & Strawberry Puree In Pouch",
    "url": "https://www.woolworths.com.au/shop/productdetails/669966",
    "img": "https://cdn0.woolworths.media/content/wowproductimages/medium/669966.jpg",
    "price": 0.95,
    "quantity": 0.09,
    "unitPrice": 10.56
  },
  {
    "name": "Woolworths Apple Puree In Pouch",
    "url": "https://www.woolworths.com.au/shop/productdetails/669962",
    "img": "https://cdn0.woolworths.media/content/wowproductimages/medium/669962.jpg",
    "price": 0.95,
    "quantity": 0.09,
    "unitPrice": 10.56
  },
  {
    "name": "Woolworths Puree In Pouch Apple & Mango",
    "url": "https://www.woolworths.com.au/shop/productdetails/669981",
    "img": "https://cdn0.woolworths.media/content/wowproductimages/medium/669981.jpg",
    "price": 0.95,
    "quantity": 0.09,
    "unitPrice": 10.56
  },
  {
    "name": "Woolworths Apple & Peach Puree In Pouch",
    "url": "https://www.woolworths.com.au/shop/productdetails/669980",
    "img": "https://cdn0.woolworths.media/content/wowproductimages/medium/669980.jpg",
    "price": 0.95,
    "quantity": 0.09,
    "unitPrice": 10.56
  },
  {
    "name": "Kitchen Family Coleslaw Kit",
    "url": "https://www.coles.com.au/product/coles-kitchen-family-coleslaw-kit-520g-3615657",
    "img": "https://productimages.coles.com.au/productimages/3/3615657.jpg",
    "price": 5.5,
    "quantity": 0.52,
    "unitPrice": 10.58
  },
  {
    "name": "Smoothie Dutch Chocolate",
    "url": "https://www.coles.com.au/product/rokeby-farms-smoothie-dutch-chocolate-425ml-1944192",
    "img": "https://productimages.coles.com.au/productimages/1/1944192.jpg",
    "price": 4.5,
    "quantity": 0.425,
    "unitPrice": 10.59
  },
  {
    "name": "Nas Banana Honey Cinnamon Smoothie",
    "url": "https://www.coles.com.au/product/rokeby-farms-nas-banana-honey-cinnamon-smoothie-425ml-3905307",
    "img": "https://productimages.coles.com.au/productimages/3/3905307.jpg",
    "price": 4.5,
    "quantity": 0.425,
    "unitPrice": 10.59
  },
  {
    "name": "Chocolate Honeycomb Protein Smoothie",
    "url": "https://www.coles.com.au/product/rokeby-farms-chocolate-honeycomb-protein-smoothie-425ml-3907335",
    "img": "https://productimages.coles.com.au/productimages/3/3907335.jpg",
    "price": 4.5,
    "quantity": 0.425,
    "unitPrice": 10.59
  },
  {
    "name": "Protein Smoothie Vanilla Wafer",
    "url": "https://www.coles.com.au/product/rokeby-farms-protein-smoothie-vanilla-wafer-425ml-6248519",
    "img": "https://productimages.coles.com.au/productimages/6/6248519.jpg",
    "price": 4.5,
    "quantity": 0.425,
    "unitPrice": 10.59
  },
  {
    "name": "Tuna Chunks In Springwater",
    "url": "https://www.coles.com.au/product/coles-tuna-chunks-in-springwater-425g-8675260",
    "img": "https://productimages.coles.com.au/productimages/8/8675260.jpg",
    "price": 4.5,
    "quantity": 0.425,
    "unitPrice": 10.59
  },
  {
    "name": "Tuna Chunks In Olive Oil Blend",
    "url": "https://www.coles.com.au/product/coles-tuna-chunks-in-olive-oil-blend-425g-8675328",
    "img": "https://productimages.coles.com.au/productimages/8/8675328.jpg",
    "price": 4.5,
    "quantity": 0.425,
    "unitPrice": 10.59
  },
  {
    "name": "Remano Extra Virgin Olive Oil",
    "url": "https://www.aldi.com.au/en/groceries/pantry/olive-oil/olive-oil-detail/ps/p/remano-extra-virgin-olive-oil-378l/",
    "img": "https://www.aldi.com.au/fileadmin/_processed_/e/7/csm_1001829-1_Q1-WEB-AUDIT_OLIVE-OIL_1x1_228x128_3_RET_269714051c.png",
    "price": 39.99,
    "quantity": 3.78,
    "unitPrice": 10.6
  },
  {
    "name": "FARMDALE Sour Cream",
    "url": "https://www.aldi.com.au/en/groceries/fresh-produce/dairy-eggs/dairy-eggs-detail/ps/p/farmdale-sour-cream-300g-1/",
    "img": "https://www.aldi.com.au/fileadmin/_processed_/0/f/csm_1001349_ALN-1_1x1_Q3_WEB-AUDIT_228x128_33_687ba50e06.jpg",
    "price": 3.19,
    "quantity": 0.3,
    "unitPrice": 10.6
  },
  {
    "name": "FARMDALE Light Sour Cream",
    "url": "https://www.aldi.com.au/en/groceries/fresh-produce/dairy-eggs/dairy-eggs-detail/ps/p/farmdale-light-sour-cream-300g/",
    "img": "https://www.aldi.com.au/fileadmin/_processed_/4/9/csm_1001349_ALN-1_1x1_Q3_WEB-AUDIT_228x128_34_d1ae85f778.jpg",
    "price": 3.19,
    "quantity": 0.3,
    "unitPrice": 10.6
  },
  {
    "name": "Lower Carb Sunflower & Linseed Bread",
    "url": "https://www.coles.com.au/product/burgen-lower-carb-sunflower-&-linseed-bread-660g-4406131",
    "img": "https://productimages.coles.com.au/productimages/4/4406131.jpg",
    "price": 7,
    "quantity": 0.66,
    "unitPrice": 10.6
  },
  {
    "name": "Cafe Bread Raisin Toast",
    "url": "https://www.coles.com.au/product/tip-top-cafe-bread-raisin-toast-650g-5703766",
    "img": "https://productimages.coles.com.au/productimages/5/5703766.jpg",
    "price": 6.9,
    "quantity": 0.65,
    "unitPrice": 10.6
  },
  {
    "name": "Mini Loaf White Sandwich Vit Min",
    "url": "https://www.coles.com.au/product/wonder-mini-loaf-white-sandwich-vit-min-320g-3860901",
    "img": "https://productimages.coles.com.au/productimages/3/3860901.jpg",
    "price": 3.4,
    "quantity": 0.32,
    "unitPrice": 10.6
  },
  {
    "name": "Mini Loaf Wholemeal",
    "url": "https://www.coles.com.au/product/wonder-mini-loaf-wholemeal-320g-3860912",
    "img": "https://productimages.coles.com.au/productimages/3/3860912.jpg",
    "price": 3.4,
    "quantity": 0.32,
    "unitPrice": 10.6
  },
  {
    "name": "Spelt And Sprouted Grains",
    "url": "https://www.coles.com.au/product/alpine-spelt-and-sprouted-grains-640g-3172830",
    "img": "https://productimages.coles.com.au/productimages/3/3172830.jpg",
    "price": 6.8,
    "quantity": 0.64,
    "unitPrice": 10.6
  },
  {
    "name": "Spelt & Barley",
    "url": "https://www.coles.com.au/product/alpine-spelt-&-barley-640g-3172840",
    "img": "https://productimages.coles.com.au/productimages/3/3172840.jpg",
    "price": 6.8,
    "quantity": 0.64,
    "unitPrice": 10.6
  },
  {
    "name": "Bread Rye Sour",
    "url": "https://www.coles.com.au/product/alpine-bread-rye-sour-640g-4860930",
    "img": "https://productimages.coles.com.au/productimages/4/4860930.jpg",
    "price": 6.8,
    "quantity": 0.64,
    "unitPrice": 10.6
  },
  {
    "name": "Chocolate Custard Pouch",
    "url": "https://www.coles.com.au/product/coles-chocolate-custard-pouch-90g-3501523",
    "img": "https://productimages.coles.com.au/productimages/3/3501523.jpg",
    "price": 0.95,
    "quantity": 0.09,
    "unitPrice": 10.6
  },
  {
    "name": "Banana Custard Pouch",
    "url": "https://www.coles.com.au/product/coles-banana-custard-pouch-90g-3501545",
    "img": "https://productimages.coles.com.au/productimages/3/3501545.jpg",
    "price": 0.95,
    "quantity": 0.09,
    "unitPrice": 10.6
  },
  {
    "name": "Strawberry Custard Pouch",
    "url": "https://www.coles.com.au/product/coles-strawberry-custard-pouch-90g-3501556",
    "img": "https://productimages.coles.com.au/productimages/3/3501556.jpg",
    "price": 0.95,
    "quantity": 0.09,
    "unitPrice": 10.6
  },
  {
    "name": "Vanilla Custard Pouch",
    "url": "https://www.coles.com.au/product/coles-vanilla-custard-pouch-90g-3501567",
    "img": "https://productimages.coles.com.au/productimages/3/3501567.jpg",
    "price": 0.95,
    "quantity": 0.09,
    "unitPrice": 10.6
  },
  {
    "name": "Unbelievably Good Chocolate Cake Mix",
    "url": "https://www.coles.com.au/product/white-wings-unbelievably-good-chocolate-cake-mix-565g-5497507",
    "img": "https://productimages.coles.com.au/productimages/5/5497507.jpg",
    "price": 6,
    "quantity": 0.565,
    "unitPrice": 10.6
  },
  {
    "name": "Aussie Oat Clusters Apple Crunch Value Pack",
    "url": "https://www.coles.com.au/product/carman's-aussie-oat-clusters-apple-crunch-value-pack-800g-7044026",
    "img": "https://productimages.coles.com.au/productimages/7/7044026.jpg",
    "price": 8.5,
    "quantity": 0.8,
    "unitPrice": 10.6
  },
  {
    "name": "Aussie Oat Clusters Berry Crunch Value Pack",
    "url": "https://www.coles.com.au/product/carman's-aussie-oat-clusters-berry-crunch-value-pack-800g-7044059",
    "img": "https://productimages.coles.com.au/productimages/7/7044059.jpg",
    "price": 8.5,
    "quantity": 0.8,
    "unitPrice": 10.6
  },
  {
    "name": "Plant Proteinz Soup Mexican Style Corn & Black Bean With Sweet Potato & Coriander",
    "url": "https://www.coles.com.au/product/heinz-plant-proteinz-soup-mexican-style-corn-&-black-bean-with-sweet-potato-&-coriander-330g-3948922",
    "img": "https://productimages.coles.com.au/productimages/3/3948922.jpg",
    "price": 3.5,
    "quantity": 0.33,
    "unitPrice": 10.6
  },
  {
    "name": "Flavoured Sugar",
    "url": "https://www.coles.com.au/product/jeeny's-palm-flavoured-sugar-260g-4839977",
    "img": "https://productimages.coles.com.au/productimages/4/4839977.jpg",
    "price": 2.75,
    "quantity": 0.26,
    "unitPrice": 10.6
  },
  {
    "name": "Black Beans",
    "url": "https://www.coles.com.au/product/old-el-paso-black-beans-425g-1868287",
    "img": "https://productimages.coles.com.au/productimages/1/1868287.jpg",
    "price": 4.5,
    "quantity": 0.425,
    "unitPrice": 10.6
  },
  {
    "name": "Mexe Beans",
    "url": "https://www.coles.com.au/product/old-el-paso-mexe-beans-425g-386032",
    "img": "https://productimages.coles.com.au/productimages/3/386032.jpg",
    "price": 4.5,
    "quantity": 0.425,
    "unitPrice": 10.6
  },
  {
    "name": "Traditional Mayonnaise",
    "url": "https://www.coles.com.au/product/praise-traditional-mayonnaise-470g-236175",
    "img": "https://productimages.coles.com.au/productimages/2/236175.jpg",
    "price": 5,
    "quantity": 0.47,
    "unitPrice": 10.6
  },
  {
    "name": "Traditional Mayonnaise",
    "url": "https://www.coles.com.au/product/praise-traditional-mayonnaise-470g-236175",
    "img": "https://productimages.coles.com.au/productimages/2/236175.jpg",
    "price": 5,
    "quantity": 0.47,
    "unitPrice": 10.6
  },
  {
    "name": "Heinz Plant Proteinz Vegetarian Lentil & Sweet Potato Dahl",
    "url": "https://www.woolworths.com.au/shop/productdetails/85842",
    "img": "https://cdn0.woolworths.media/content/wowproductimages/medium/085842.jpg",
    "price": 3.5,
    "quantity": 0.33,
    "unitPrice": 10.6
  },
  {
    "name": "Heinz Plant Proteinz Vegetarian Coconut Pumpkin Chickpea Soup",
    "url": "https://www.woolworths.com.au/shop/productdetails/85345",
    "img": "https://cdn0.woolworths.media/content/wowproductimages/medium/085345.jpg",
    "price": 3.5,
    "quantity": 0.33,
    "unitPrice": 10.6
  },
  {
    "name": "Heinz Plant Proteinz Vegetarian Mexican Corn Black Bean Soup",
    "url": "https://www.woolworths.com.au/shop/productdetails/83319",
    "img": "https://cdn0.woolworths.media/content/wowproductimages/medium/083319.jpg",
    "price": 3.5,
    "quantity": 0.33,
    "unitPrice": 10.6
  },
  {
    "name": "Burgen Lower Carb High Protein Sunflower & Linseed Bread Loaf",
    "url": "https://www.woolworths.com.au/shop/productdetails/164022",
    "img": "https://cdn0.woolworths.media/content/wowproductimages/medium/164022.jpg",
    "price": 7,
    "quantity": 0.66,
    "unitPrice": 10.6
  },
  {
    "name": "New South Wales Yoghurt Co Mango Yoghurt Tub",
    "url": "https://www.woolworths.com.au/shop/productdetails/243662",
    "img": "https://cdn0.woolworths.media/content/wowproductimages/medium/243662.jpg",
    "price": 7.4,
    "quantity": 0.7,
    "unitPrice": 10.6
  },
  {
    "name": "New South Wales Company New South Wales Yoghurt Co. Blueberry Yoghurt",
    "url": "https://www.woolworths.com.au/shop/productdetails/242766",
    "img": "https://cdn0.woolworths.media/content/wowproductimages/medium/242766.jpg",
    "price": 7.4,
    "quantity": 0.7,
    "unitPrice": 10.6
  },
  {
    "name": "New South Wales Yoghurt Co Apple & Cinnamon Yoghurt Tub",
    "url": "https://www.woolworths.com.au/shop/productdetails/243334",
    "img": "https://cdn0.woolworths.media/content/wowproductimages/medium/243334.jpg",
    "price": 7.4,
    "quantity": 0.7,
    "unitPrice": 10.6
  },
  {
    "name": "New South Wales Yoghurt Co Honey Yoghurt Tub",
    "url": "https://www.woolworths.com.au/shop/productdetails/243181",
    "img": "https://cdn0.woolworths.media/content/wowproductimages/medium/243181.jpg",
    "price": 7.4,
    "quantity": 0.7,
    "unitPrice": 10.6
  },
  {
    "name": "Macro Organic Gluten Free Spirals",
    "url": "https://www.woolworths.com.au/shop/productdetails/69092",
    "img": "https://cdn0.woolworths.media/content/wowproductimages/medium/069092.jpg",
    "price": 3.7,
    "quantity": 0.35,
    "unitPrice": 10.6
  },
  {
    "name": "Macro Organic Gluten Free Spaghetti",
    "url": "https://www.woolworths.com.au/shop/productdetails/68980",
    "img": "https://cdn0.woolworths.media/content/wowproductimages/medium/068980.jpg",
    "price": 3.7,
    "quantity": 0.35,
    "unitPrice": 10.6
  },
  {
    "name": "Macro Organic Gluten Free Penne",
    "url": "https://www.woolworths.com.au/shop/productdetails/68981",
    "img": "https://cdn0.woolworths.media/content/wowproductimages/medium/068981.jpg",
    "price": 3.7,
    "quantity": 0.35,
    "unitPrice": 10.6
  },
  {
    "name": "Bega Peanut Butter Smooth",
    "url": "https://www.woolworths.com.au/shop/productdetails/98046",
    "img": "https://cdn0.woolworths.media/content/wowproductimages/medium/098046.jpg",
    "price": 5,
    "quantity": 0.47,
    "unitPrice": 10.6
  },
  {
    "name": "Bega Peanut Butter Crunchy",
    "url": "https://www.woolworths.com.au/shop/productdetails/98049",
    "img": "https://cdn0.woolworths.media/content/wowproductimages/medium/098049.jpg",
    "price": 5,
    "quantity": 0.47,
    "unitPrice": 10.6
  },
  {
    "name": "Bega Light Peanut Butter Smooth",
    "url": "https://www.woolworths.com.au/shop/productdetails/98047",
    "img": "https://cdn0.woolworths.media/content/wowproductimages/medium/098047.jpg",
    "price": 5,
    "quantity": 0.47,
    "unitPrice": 10.6
  },
  {
    "name": "Bega Peanut Butter Super Crunchy",
    "url": "https://www.woolworths.com.au/shop/productdetails/506995",
    "img": "https://cdn0.woolworths.media/content/wowproductimages/medium/506995.jpg",
    "price": 5,
    "quantity": 0.47,
    "unitPrice": 10.6
  },
  {
    "name": "Bega Light Peanut Spread Crunchy",
    "url": "https://www.woolworths.com.au/shop/productdetails/98048",
    "img": "https://cdn0.woolworths.media/content/wowproductimages/medium/098048.jpg",
    "price": 5,
    "quantity": 0.47,
    "unitPrice": 10.6
  },
  {
    "name": "Uncle Tobys Cheerios Original Breakfast Cereal",
    "url": "https://www.woolworths.com.au/shop/productdetails/387230",
    "img": "https://cdn0.woolworths.media/content/wowproductimages/medium/387230.jpg",
    "price": 9.5,
    "quantity": 0.895,
    "unitPrice": 10.6
  },
  {
    "name": "Nestle Milo Breakfast Cereal",
    "url": "https://www.woolworths.com.au/shop/productdetails/387110",
    "img": "https://cdn0.woolworths.media/content/wowproductimages/medium/387110.jpg",
    "price": 10.5,
    "quantity": 0.99,
    "unitPrice": 10.6
  },
  {
    "name": "Carman's Aussie Oat Clusters Honey Crunch",
    "url": "https://www.woolworths.com.au/shop/productdetails/385174",
    "img": "https://cdn0.woolworths.media/content/wowproductimages/medium/385174.jpg",
    "price": 8.5,
    "quantity": 0.8,
    "unitPrice": 10.6
  },
  {
    "name": "Carman's Aussie Oat Clusters Apple Crunch",
    "url": "https://www.woolworths.com.au/shop/productdetails/384998",
    "img": "https://cdn0.woolworths.media/content/wowproductimages/medium/384998.jpg",
    "price": 8.5,
    "quantity": 0.8,
    "unitPrice": 10.6
  },
  {
    "name": "Sriracha Hot Chilli Sauce Ketchup",
    "url": "https://www.woolworths.com.au/shop/productdetails/63974",
    "img": "https://cdn0.woolworths.media/content/wowproductimages/medium/063974.jpg",
    "price": 6,
    "quantity": 0.567,
    "unitPrice": 10.6
  },
  {
    "name": "Stuffed Olives Pimento",
    "url": "https://www.coles.com.au/product/always-fresh-stuffed-olives-pimento-450g-294400",
    "img": "https://productimages.coles.com.au/productimages/2/294400.jpg",
    "price": 4.8,
    "quantity": 0.45,
    "unitPrice": 10.67
  },
  {
    "name": "Stuffed Olives Pimento",
    "url": "https://www.coles.com.au/product/always-fresh-stuffed-olives-pimento-450g-294400",
    "img": "https://productimages.coles.com.au/productimages/2/294400.jpg",
    "price": 4.8,
    "quantity": 0.45,
    "unitPrice": 10.67
  },
  {
    "name": "Woolworths Chicken Bulk Burgers",
    "url": "https://www.woolworths.com.au/shop/productdetails/134760",
    "img": "https://cdn0.woolworths.media/content/wowproductimages/medium/134760.jpg",
    "price": 16,
    "quantity": 1.5,
    "unitPrice": 10.67
  },
  {
    "name": "Lasagne Sheets Pasta",
    "url": "https://www.coles.com.au/product/coles-lasagne-sheets-pasta-375g-7712156",
    "img": "https://productimages.coles.com.au/productimages/7/7712156.jpg",
    "price": 4,
    "quantity": 0.375,
    "unitPrice": 10.7
  },
  {
    "name": "Organic Plain Firm Tofu",
    "url": "https://www.coles.com.au/product/simply-better-organic-plain-firm-tofu-500g-5005613",
    "img": "https://productimages.coles.com.au/productimages/5/5005613.jpg",
    "price": 5.35,
    "quantity": 0.5,
    "unitPrice": 10.7
  },
  {
    "name": "Squeezie Strawberry Yoghurt Pouch",
    "url": "https://www.coles.com.au/product/coles-squeezie-strawberry-yoghurt-pouch-70g-1013471",
    "img": "https://productimages.coles.com.au/productimages/1/1013471.jpg",
    "price": 0.75,
    "quantity": 0.07,
    "unitPrice": 10.7
  },
  {
    "name": "Squeezie Banana Yoghurt Pouch",
    "url": "https://www.coles.com.au/product/coles-squeezie-banana-yoghurt-pouch-70g-1013493",
    "img": "https://productimages.coles.com.au/productimages/1/1013493.jpg",
    "price": 0.75,
    "quantity": 0.07,
    "unitPrice": 10.7
  },
  {
    "name": "Squeezie Vanilla Yoghurt Pouch",
    "url": "https://www.coles.com.au/product/coles-squeezie-vanilla-yoghurt-pouch-70g-1013675",
    "img": "https://productimages.coles.com.au/productimages/1/1013675.jpg",
    "price": 0.75,
    "quantity": 0.07,
    "unitPrice": 10.7
  },
  {
    "name": "Squeezie Blueberry Yoghurt Pouch",
    "url": "https://www.coles.com.au/product/coles-squeezie-blueberry-yoghurt-pouch-70g-3049742",
    "img": "https://productimages.coles.com.au/productimages/3/3049742.jpg",
    "price": 0.75,
    "quantity": 0.07,
    "unitPrice": 10.7
  },
  {
    "name": "Soup Creamy Pumpkin Coconut",
    "url": "https://www.coles.com.au/product/pitango-soup-creamy-pumpkin-coconut-350g-4209039",
    "img": "https://productimages.coles.com.au/productimages/4/4209039.jpg",
    "price": 3.75,
    "quantity": 0.35,
    "unitPrice": 10.7
  },
  {
    "name": "Soup Chicken Vegetable",
    "url": "https://www.coles.com.au/product/pitango-soup-chicken-vegetable-350g-4219484",
    "img": "https://productimages.coles.com.au/productimages/4/4219484.jpg",
    "price": 3.75,
    "quantity": 0.35,
    "unitPrice": 10.7
  },
  {
    "name": "Soup Potato & Leek",
    "url": "https://www.coles.com.au/product/pitango-soup-potato-&-leek-350g-6282368",
    "img": "https://productimages.coles.com.au/productimages/6/6282368.jpg",
    "price": 3.75,
    "quantity": 0.35,
    "unitPrice": 10.7
  },
  {
    "name": "Soup Smoky Tomato Lentil",
    "url": "https://www.coles.com.au/product/pitango-soup-smoky-tomato-lentil-350g-6282426",
    "img": "https://productimages.coles.com.au/productimages/6/6282426.jpg",
    "price": 3.75,
    "quantity": 0.35,
    "unitPrice": 10.7
  },
  {
    "name": "Greek Style Vanilla Bean Yoghurt",
    "url": "https://www.coles.com.au/product/tamar-valley-greek-style-vanilla-bean-yoghurt-700g-2980012",
    "img": "https://productimages.coles.com.au/productimages/2/2980012.jpg",
    "price": 7.5,
    "quantity": 0.7,
    "unitPrice": 10.7
  },
  {
    "name": "Yopro Vanilla Yoghurt",
    "url": "https://www.coles.com.au/product/danone-yopro-vanilla-yoghurt-700g-3246914",
    "img": "https://productimages.coles.com.au/productimages/3/3246914.jpg",
    "price": 7.5,
    "quantity": 0.7,
    "unitPrice": 10.7
  },
  {
    "name": "Yopro Strawberry Yoghurt Tub",
    "url": "https://www.coles.com.au/product/danone-yopro-strawberry-yoghurt-tub-700g-3538818",
    "img": "https://productimages.coles.com.au/productimages/3/3538818.jpg",
    "price": 7.5,
    "quantity": 0.7,
    "unitPrice": 10.7
  },
  {
    "name": "The Creamery Yoghurt Strawberries & Cream",
    "url": "https://www.coles.com.au/product/tamar-valley-the-creamery-yoghurt-strawberries-&-cream-700g-4345015",
    "img": "https://productimages.coles.com.au/productimages/4/4345015.jpg",
    "price": 7.5,
    "quantity": 0.7,
    "unitPrice": 10.7
  },
  {
    "name": "The Creamery Yoghurt Mangoes & Cream",
    "url": "https://www.coles.com.au/product/tamar-valley-the-creamery-yoghurt-mangoes-&-cream-700g-4345037",
    "img": "https://productimages.coles.com.au/productimages/4/4345037.jpg",
    "price": 7.5,
    "quantity": 0.7,
    "unitPrice": 10.7
  },
  {
    "name": "The Creamery Yoghurt Blueberries & Cream",
    "url": "https://www.coles.com.au/product/tamar-valley-the-creamery-yoghurt-blueberries-&-cream-700g-4345401",
    "img": "https://productimages.coles.com.au/productimages/4/4345401.jpg",
    "price": 7.5,
    "quantity": 0.7,
    "unitPrice": 10.7
  },
  {
    "name": "Yopro Yoghurt Salted Caramel",
    "url": "https://www.coles.com.au/product/danone-yopro-yoghurt-salted-caramel-700g-4935052",
    "img": "https://productimages.coles.com.au/productimages/4/4935052.jpg",
    "price": 7.5,
    "quantity": 0.7,
    "unitPrice": 10.7
  },
  {
    "name": "The Creamery Peaches & Cream",
    "url": "https://www.coles.com.au/product/tamar-valley-the-creamery-peaches-&-cream-700g-4935530",
    "img": "https://productimages.coles.com.au/productimages/4/4935530.jpg",
    "price": 7.5,
    "quantity": 0.7,
    "unitPrice": 10.7
  },
  {
    "name": "Squeezie Vanilla Yoghurt Pouch",
    "url": "https://www.coles.com.au/product/coles-squeezie-vanilla-yoghurt-pouch-70g-1013675",
    "img": "https://productimages.coles.com.au/productimages/1/1013675.jpg",
    "price": 0.75,
    "quantity": 0.07,
    "unitPrice": 10.7
  },
  {
    "name": "Squeezie Blueberry Yoghurt Pouch",
    "url": "https://www.coles.com.au/product/coles-squeezie-blueberry-yoghurt-pouch-70g-3049742",
    "img": "https://productimages.coles.com.au/productimages/3/3049742.jpg",
    "price": 0.75,
    "quantity": 0.07,
    "unitPrice": 10.7
  },
  {
    "name": "Soup Creamy Pumpkin Coconut",
    "url": "https://www.coles.com.au/product/pitango-soup-creamy-pumpkin-coconut-350g-4209039",
    "img": "https://productimages.coles.com.au/productimages/4/4209039.jpg",
    "price": 3.75,
    "quantity": 0.35,
    "unitPrice": 10.7
  },
  {
    "name": "Soup Chicken Vegetable",
    "url": "https://www.coles.com.au/product/pitango-soup-chicken-vegetable-350g-4219484",
    "img": "https://productimages.coles.com.au/productimages/4/4219484.jpg",
    "price": 3.75,
    "quantity": 0.35,
    "unitPrice": 10.7
  },
  {
    "name": "Soup Potato & Leek",
    "url": "https://www.coles.com.au/product/pitango-soup-potato-&-leek-350g-6282368",
    "img": "https://productimages.coles.com.au/productimages/6/6282368.jpg",
    "price": 3.75,
    "quantity": 0.35,
    "unitPrice": 10.7
  },
  {
    "name": "Soup Smoky Tomato Lentil",
    "url": "https://www.coles.com.au/product/pitango-soup-smoky-tomato-lentil-350g-6282426",
    "img": "https://productimages.coles.com.au/productimages/6/6282426.jpg",
    "price": 3.75,
    "quantity": 0.35,
    "unitPrice": 10.7
  },
  {
    "name": "Greek Style Vanilla Bean Yoghurt",
    "url": "https://www.coles.com.au/product/tamar-valley-greek-style-vanilla-bean-yoghurt-700g-2980012",
    "img": "https://productimages.coles.com.au/productimages/2/2980012.jpg",
    "price": 7.5,
    "quantity": 0.7,
    "unitPrice": 10.7
  },
  {
    "name": "Yopro Vanilla Yoghurt",
    "url": "https://www.coles.com.au/product/danone-yopro-vanilla-yoghurt-700g-3246914",
    "img": "https://productimages.coles.com.au/productimages/3/3246914.jpg",
    "price": 7.5,
    "quantity": 0.7,
    "unitPrice": 10.7
  },
  {
    "name": "Yopro Strawberry Yoghurt Tub",
    "url": "https://www.coles.com.au/product/danone-yopro-strawberry-yoghurt-tub-700g-3538818",
    "img": "https://productimages.coles.com.au/productimages/3/3538818.jpg",
    "price": 7.5,
    "quantity": 0.7,
    "unitPrice": 10.7
  },
  {
    "name": "The Creamery Yoghurt Strawberries & Cream",
    "url": "https://www.coles.com.au/product/tamar-valley-the-creamery-yoghurt-strawberries-&-cream-700g-4345015",
    "img": "https://productimages.coles.com.au/productimages/4/4345015.jpg",
    "price": 7.5,
    "quantity": 0.7,
    "unitPrice": 10.7
  },
  {
    "name": "The Creamery Yoghurt Mangoes & Cream",
    "url": "https://www.coles.com.au/product/tamar-valley-the-creamery-yoghurt-mangoes-&-cream-700g-4345037",
    "img": "https://productimages.coles.com.au/productimages/4/4345037.jpg",
    "price": 7.5,
    "quantity": 0.7,
    "unitPrice": 10.7
  },
  {
    "name": "The Creamery Yoghurt Blueberries & Cream",
    "url": "https://www.coles.com.au/product/tamar-valley-the-creamery-yoghurt-blueberries-&-cream-700g-4345401",
    "img": "https://productimages.coles.com.au/productimages/4/4345401.jpg",
    "price": 7.5,
    "quantity": 0.7,
    "unitPrice": 10.7
  },
  {
    "name": "Yopro Yoghurt Salted Caramel",
    "url": "https://www.coles.com.au/product/danone-yopro-yoghurt-salted-caramel-700g-4935052",
    "img": "https://productimages.coles.com.au/productimages/4/4935052.jpg",
    "price": 7.5,
    "quantity": 0.7,
    "unitPrice": 10.7
  },
  {
    "name": "The Creamery Peaches & Cream",
    "url": "https://www.coles.com.au/product/tamar-valley-the-creamery-peaches-&-cream-700g-4935530",
    "img": "https://productimages.coles.com.au/productimages/4/4935530.jpg",
    "price": 7.5,
    "quantity": 0.7,
    "unitPrice": 10.7
  },
  {
    "name": "Caramel Mud Cake",
    "url": "https://www.coles.com.au/product/coles-caramel-mud-cake-600g-3904712",
    "img": "https://productimages.coles.com.au/productimages/3/3904712.jpg",
    "price": 6.4,
    "quantity": 0.6,
    "unitPrice": 10.7
  },
  {
    "name": "Mud Cake",
    "url": "https://www.coles.com.au/product/coles-bakery-mud-cake-600g-7523211",
    "img": "https://productimages.coles.com.au/productimages/7/7523211.jpg",
    "price": 6.4,
    "quantity": 0.6,
    "unitPrice": 10.7
  },
  {
    "name": "White Mud Cake",
    "url": "https://www.coles.com.au/product/coles-white-mud-cake-600g-7570233",
    "img": "https://productimages.coles.com.au/productimages/7/7570233.jpg",
    "price": 6.4,
    "quantity": 0.6,
    "unitPrice": 10.7
  },
  {
    "name": "Festive Matured Christmas Pudding Large",
    "url": "https://www.coles.com.au/product/coles-festive-matured-christmas-pudding-large-700g-2756019",
    "img": "https://productimages.coles.com.au/productimages/2/2756019.jpg",
    "price": 7.5,
    "quantity": 0.7,
    "unitPrice": 10.7
  },
  {
    "name": "Cocoa Powder",
    "url": "https://www.coles.com.au/product/coles-cocoa-powder-375g-4777869",
    "img": "https://productimages.coles.com.au/productimages/4/4777869.jpg",
    "price": 4,
    "quantity": 0.375,
    "unitPrice": 10.7
  },
  {
    "name": "Organic Lentil Soup",
    "url": "https://www.coles.com.au/product/amy's-kitchen-organic-lentil-soup-411g-2303386",
    "img": "https://productimages.coles.com.au/productimages/2/2303386.jpg",
    "price": 4.4,
    "quantity": 0.411,
    "unitPrice": 10.7
  },
  {
    "name": "Organic Lentil & Vegetable Soup Canned",
    "url": "https://www.coles.com.au/product/amy's-kitchen-organic-lentil-&-vegetable-soup-canned-411g-2303400",
    "img": "https://productimages.coles.com.au/productimages/2/2303400.jpg",
    "price": 4.4,
    "quantity": 0.411,
    "unitPrice": 10.7
  },
  {
    "name": "Organic Tomato Soup Canned",
    "url": "https://www.coles.com.au/product/amy's-kitchen-organic-tomato-soup-canned-411g-2303411",
    "img": "https://productimages.coles.com.au/productimages/2/2303411.jpg",
    "price": 4.4,
    "quantity": 0.411,
    "unitPrice": 10.7
  },
  {
    "name": "Bhujia Sev Snacks",
    "url": "https://www.coles.com.au/product/haldiram's-bhujia-sev-snacks-150g-2057520",
    "img": "https://productimages.coles.com.au/productimages/2/2057520.jpg",
    "price": 1.6,
    "quantity": 0.15,
    "unitPrice": 10.7
  },
  {
    "name": "Khatta Meetha Snacks",
    "url": "https://www.coles.com.au/product/haldiram's-khatta-meetha-snacks-150g-2057552",
    "img": "https://productimages.coles.com.au/productimages/2/2057552.jpg",
    "price": 1.6,
    "quantity": 0.15,
    "unitPrice": 10.7
  },
  {
    "name": "Crispy Noodle Salad Dressing",
    "url": "https://www.coles.com.au/product/chang's-crispy-noodle-salad-dressing-280ml-6803642",
    "img": "https://productimages.coles.com.au/productimages/6/6803642.jpg",
    "price": 3,
    "quantity": 0.28,
    "unitPrice": 10.7
  },
  {
    "name": "Premium Light Coconut Cream",
    "url": "https://www.coles.com.au/product/ayam-premium-light-coconut-cream-270ml-6164805",
    "img": "https://productimages.coles.com.au/productimages/6/6164805.jpg",
    "price": 2.9,
    "quantity": 0.27,
    "unitPrice": 10.7
  },
  {
    "name": "Premium Coconut Milk",
    "url": "https://www.coles.com.au/product/ayam-premium-coconut-milk-270ml-6165003",
    "img": "https://productimages.coles.com.au/productimages/6/6165003.jpg",
    "price": 2.9,
    "quantity": 0.27,
    "unitPrice": 10.7
  },
  {
    "name": "Pure Coconut Cream",
    "url": "https://www.coles.com.au/product/ayam-pure-coconut-cream-270ml-6165127",
    "img": "https://productimages.coles.com.au/productimages/6/6165127.jpg",
    "price": 2.9,
    "quantity": 0.27,
    "unitPrice": 10.7
  },
  {
    "name": "Premium Light Coconut Milk",
    "url": "https://www.coles.com.au/product/ayam-premium-light-coconut-milk-270ml-9124341",
    "img": "https://productimages.coles.com.au/productimages/9/9124341.jpg",
    "price": 2.9,
    "quantity": 0.27,
    "unitPrice": 10.7
  },
  {
    "name": "Soy Honey & Garlic Marinade",
    "url": "https://www.coles.com.au/product/masterfoods-soy-honey-&-garlic-marinade-375g-7072917",
    "img": "https://productimages.coles.com.au/productimages/7/7072917.jpg",
    "price": 4,
    "quantity": 0.375,
    "unitPrice": 10.7
  },
  {
    "name": "Satay Marinade",
    "url": "https://www.coles.com.au/product/masterfoods-satay-marinade-375g-7714297",
    "img": "https://productimages.coles.com.au/productimages/7/7714297.jpg",
    "price": 4,
    "quantity": 0.375,
    "unitPrice": 10.7
  },
  {
    "name": "Smokey BBQ Marinade",
    "url": "https://www.coles.com.au/product/masterfoods-smokey-bbq-marinade-375g-7715019",
    "img": "https://productimages.coles.com.au/productimages/7/7715019.jpg",
    "price": 4,
    "quantity": 0.375,
    "unitPrice": 10.7
  },
  {
    "name": "Teriyaki Marinade",
    "url": "https://www.coles.com.au/product/masterfoods-teriyaki-marinade-375g-7741507",
    "img": "https://productimages.coles.com.au/productimages/7/7741507.jpg",
    "price": 4,
    "quantity": 0.375,
    "unitPrice": 10.7
  },
  {
    "name": "Latina Fresh Creamy Carbonara Pasta Sauce Creamy Carbonara",
    "url": "https://www.woolworths.com.au/shop/productdetails/145564",
    "img": "https://cdn0.woolworths.media/content/wowproductimages/medium/145564.jpg",
    "price": 7.5,
    "quantity": 0.7,
    "unitPrice": 10.7
  },
  {
    "name": "Latina Fresh Italian Tomato With Onion & Garlic Pasta Sauce",
    "url": "https://www.woolworths.com.au/shop/productdetails/335531",
    "img": "https://cdn0.woolworths.media/content/wowproductimages/medium/335531.jpg",
    "price": 7.5,
    "quantity": 0.7,
    "unitPrice": 10.7
  },
  {
    "name": "Manning Valley 18 Large Free Range Eggs",
    "url": "https://www.woolworths.com.au/shop/productdetails/689556",
    "img": "https://cdn0.woolworths.media/content/wowproductimages/medium/689556.jpg",
    "price": 9.65,
    "quantity": 0.9,
    "unitPrice": 10.7
  },
  {
    "name": "Lake Macquarie 12 Extra Large Free Range Eggs",
    "url": "https://www.woolworths.com.au/shop/productdetails/101523",
    "img": "https://cdn0.woolworths.media/content/wowproductimages/medium/101523.jpg",
    "price": 7.5,
    "quantity": 0.7,
    "unitPrice": 10.7
  },
  {
    "name": "Woolworths Mud Cake White",
    "url": "https://www.woolworths.com.au/shop/productdetails/186852",
    "img": "https://cdn0.woolworths.media/content/wowproductimages/medium/186852.jpg",
    "price": 6.4,
    "quantity": 0.6,
    "unitPrice": 10.7
  },
  {
    "name": "Woolworths Mud Cake Caramel",
    "url": "https://www.woolworths.com.au/shop/productdetails/186854",
    "img": "https://cdn0.woolworths.media/content/wowproductimages/medium/186854.jpg",
    "price": 6.4,
    "quantity": 0.6,
    "unitPrice": 10.7
  },
  {
    "name": "Yopro Danone High Protein Yoghurt No Added Sugar Vanilla",
    "url": "https://www.woolworths.com.au/shop/productdetails/867015",
    "img": "https://cdn0.woolworths.media/content/wowproductimages/medium/867015.jpg",
    "price": 7.5,
    "quantity": 0.7,
    "unitPrice": 10.7
  },
  {
    "name": "Tamar Valley Dairy Yoghurt Mango & Cream Yoghurt Mango & Cream",
    "url": "https://www.woolworths.com.au/shop/productdetails/167430",
    "img": "https://cdn0.woolworths.media/content/wowproductimages/medium/167430.jpg",
    "price": 7.5,
    "quantity": 0.7,
    "unitPrice": 10.7
  },
  {
    "name": "Yopro Danone High Protein Yoghurt No Added Sugar Plain",
    "url": "https://www.woolworths.com.au/shop/productdetails/686218",
    "img": "https://cdn0.woolworths.media/content/wowproductimages/medium/686218.jpg",
    "price": 7.5,
    "quantity": 0.7,
    "unitPrice": 10.7
  },
  {
    "name": "Tamar Valley Dairy Yoghurt Blueberry & Cream",
    "url": "https://www.woolworths.com.au/shop/productdetails/167310",
    "img": "https://cdn0.woolworths.media/content/wowproductimages/medium/167310.jpg",
    "price": 7.5,
    "quantity": 0.7,
    "unitPrice": 10.7
  },
  {
    "name": "Tamar Valley Dairy Yoghurt Strawberry & Cream",
    "url": "https://www.woolworths.com.au/shop/productdetails/167328",
    "img": "https://cdn0.woolworths.media/content/wowproductimages/medium/167328.jpg",
    "price": 7.5,
    "quantity": 0.7,
    "unitPrice": 10.7
  },
  {
    "name": "Yopro Danone High Protein Yoghurt No Added Sugar Salted Caramel",
    "url": "https://www.woolworths.com.au/shop/productdetails/204716",
    "img": "https://cdn0.woolworths.media/content/wowproductimages/medium/204716.jpg",
    "price": 7.5,
    "quantity": 0.7,
    "unitPrice": 10.7
  },
  {
    "name": "Tamar Valley Dairy Yoghurt Peach & Cream Yoghurt Peaches & Cream",
    "url": "https://www.woolworths.com.au/shop/productdetails/167104",
    "img": "https://cdn0.woolworths.media/content/wowproductimages/medium/167104.jpg",
    "price": 7.5,
    "quantity": 0.7,
    "unitPrice": 10.7
  },
  {
    "name": "Kellogg's Just Right Apricot & Sultana Breakfast Cereal Value Pack",
    "url": "https://www.woolworths.com.au/shop/productdetails/203048",
    "img": "https://cdn0.woolworths.media/content/wowproductimages/medium/203048.jpg",
    "price": 11.8,
    "quantity": 1.1,
    "unitPrice": 10.7
  },
  {
    "name": "Masterfoods Teriyaki Marinade",
    "url": "https://www.woolworths.com.au/shop/productdetails/57688",
    "img": "https://cdn0.woolworths.media/content/wowproductimages/medium/057688.jpg",
    "price": 4,
    "quantity": 0.375,
    "unitPrice": 10.7
  },
  {
    "name": "Masterfoods Soy, Honey & Garlic Marinade",
    "url": "https://www.woolworths.com.au/shop/productdetails/72364",
    "img": "https://cdn0.woolworths.media/content/wowproductimages/medium/072364.jpg",
    "price": 4,
    "quantity": 0.375,
    "unitPrice": 10.7
  },
  {
    "name": "Chang's Salad Dressing Oriental",
    "url": "https://www.woolworths.com.au/shop/productdetails/354423",
    "img": "https://cdn0.woolworths.media/content/wowproductimages/medium/354423.jpg",
    "price": 3,
    "quantity": 0.28,
    "unitPrice": 10.7
  },
  {
    "name": "Masterfoods Satay Marinade",
    "url": "https://www.woolworths.com.au/shop/productdetails/51632",
    "img": "https://cdn0.woolworths.media/content/wowproductimages/medium/051632.jpg",
    "price": 4,
    "quantity": 0.375,
    "unitPrice": 10.7
  },
  {
    "name": "Masterfoods Smokey Bbq Marinade",
    "url": "https://www.woolworths.com.au/shop/productdetails/51631",
    "img": "https://cdn0.woolworths.media/content/wowproductimages/medium/051631.jpg",
    "price": 4,
    "quantity": 0.375,
    "unitPrice": 10.7
  },
  {
    "name": "Masterfoods Honey Bbq Marinade",
    "url": "https://www.woolworths.com.au/shop/productdetails/701846",
    "img": "https://cdn0.woolworths.media/content/wowproductimages/medium/701846.jpg",
    "price": 4,
    "quantity": 0.375,
    "unitPrice": 10.7
  },
  {
    "name": "Masterfoods Sweet Plum Marinade",
    "url": "https://www.woolworths.com.au/shop/productdetails/118614",
    "img": "https://cdn0.woolworths.media/content/wowproductimages/medium/118614.jpg",
    "price": 4,
    "quantity": 0.375,
    "unitPrice": 10.7
  },
  {
    "name": "Masterfoods Red Wine & Garlic Marinade",
    "url": "https://www.woolworths.com.au/shop/productdetails/72381",
    "img": "https://cdn0.woolworths.media/content/wowproductimages/medium/072381.jpg",
    "price": 4,
    "quantity": 0.375,
    "unitPrice": 10.7
  },
  {
    "name": "Coconut Yoghurt Vanilla",
    "url": "https://www.coles.com.au/product/coles-coconut-yoghurt-vanilla-500g-5318980",
    "img": "https://productimages.coles.com.au/productimages/5/5318980.jpg",
    "price": 5.4,
    "quantity": 0.5,
    "unitPrice": 10.8
  },
  {
    "name": "Ready To Eat Strawberry Jelly",
    "url": "https://www.coles.com.au/product/aeroplane-ready-to-eat-strawberry-jelly-120g-1389353",
    "img": "https://productimages.coles.com.au/productimages/1/1389353.jpg",
    "price": 1.3,
    "quantity": 0.12,
    "unitPrice": 10.8
  },
  {
    "name": "Ready To Eat Raspberry Jelly",
    "url": "https://www.coles.com.au/product/aeroplane-ready-to-eat-raspberry-jelly-120g-1389364",
    "img": "https://productimages.coles.com.au/productimages/1/1389364.jpg",
    "price": 1.3,
    "quantity": 0.12,
    "unitPrice": 10.8
  },
  {
    "name": "Ready To Eat Blackcurrant Jelly",
    "url": "https://www.coles.com.au/product/aeroplane-ready-to-eat-blackcurrant-jelly-120g-1389375",
    "img": "https://productimages.coles.com.au/productimages/1/1389375.jpg",
    "price": 1.3,
    "quantity": 0.12,
    "unitPrice": 10.8
  },
  {
    "name": "Ready To Eat Pineapple Jelly",
    "url": "https://www.coles.com.au/product/aeroplane-ready-to-eat-pineapple-jelly-120g-2738108",
    "img": "https://productimages.coles.com.au/productimages/2/2738108.jpg",
    "price": 1.3,
    "quantity": 0.12,
    "unitPrice": 10.8
  },
  {
    "name": "Sour Cream",
    "url": "https://www.coles.com.au/product/coles-sour-cream-300g-3676946",
    "img": "https://productimages.coles.com.au/productimages/3/3676946.jpg",
    "price": 3.25,
    "quantity": 0.3,
    "unitPrice": 10.8
  },
  {
    "name": "Light Sour Cream",
    "url": "https://www.coles.com.au/product/coles-light-sour-cream-300g-3676979",
    "img": "https://productimages.coles.com.au/productimages/3/3676979.jpg",
    "price": 3.25,
    "quantity": 0.3,
    "unitPrice": 10.8
  },
  {
    "name": "Kitchen Garlic Naan 2",
    "url": "https://www.coles.com.au/product/coles-kitchen-garlic-naan-2-360g-3769990",
    "img": "https://productimages.coles.com.au/productimages/3/3769990.jpg",
    "price": 3.9,
    "quantity": 0.36,
    "unitPrice": 10.8
  },
  {
    "name": "Coconut Yoghurt Vanilla",
    "url": "https://www.coles.com.au/product/coles-coconut-yoghurt-vanilla-500g-5318980",
    "img": "https://productimages.coles.com.au/productimages/5/5318980.jpg",
    "price": 5.4,
    "quantity": 0.5,
    "unitPrice": 10.8
  },
  {
    "name": "Ready To Eat Strawberry Jelly",
    "url": "https://www.coles.com.au/product/aeroplane-ready-to-eat-strawberry-jelly-120g-1389353",
    "img": "https://productimages.coles.com.au/productimages/1/1389353.jpg",
    "price": 1.3,
    "quantity": 0.12,
    "unitPrice": 10.8
  },
  {
    "name": "Ready To Eat Raspberry Jelly",
    "url": "https://www.coles.com.au/product/aeroplane-ready-to-eat-raspberry-jelly-120g-1389364",
    "img": "https://productimages.coles.com.au/productimages/1/1389364.jpg",
    "price": 1.3,
    "quantity": 0.12,
    "unitPrice": 10.8
  },
  {
    "name": "Ready To Eat Blackcurrant Jelly",
    "url": "https://www.coles.com.au/product/aeroplane-ready-to-eat-blackcurrant-jelly-120g-1389375",
    "img": "https://productimages.coles.com.au/productimages/1/1389375.jpg",
    "price": 1.3,
    "quantity": 0.12,
    "unitPrice": 10.8
  },
  {
    "name": "Ready To Eat Pineapple Jelly",
    "url": "https://www.coles.com.au/product/aeroplane-ready-to-eat-pineapple-jelly-120g-2738108",
    "img": "https://productimages.coles.com.au/productimages/2/2738108.jpg",
    "price": 1.3,
    "quantity": 0.12,
    "unitPrice": 10.8
  },
  {
    "name": "Sour Cream",
    "url": "https://www.coles.com.au/product/coles-sour-cream-300g-3676946",
    "img": "https://productimages.coles.com.au/productimages/3/3676946.jpg",
    "price": 3.25,
    "quantity": 0.3,
    "unitPrice": 10.8
  },
  {
    "name": "Light Sour Cream",
    "url": "https://www.coles.com.au/product/coles-light-sour-cream-300g-3676979",
    "img": "https://productimages.coles.com.au/productimages/3/3676979.jpg",
    "price": 3.25,
    "quantity": 0.3,
    "unitPrice": 10.8
  },
  {
    "name": "Kitchen Garlic Naan 2",
    "url": "https://www.coles.com.au/product/coles-kitchen-garlic-naan-2-360g-3769990",
    "img": "https://productimages.coles.com.au/productimages/3/3769990.jpg",
    "price": 3.9,
    "quantity": 0.36,
    "unitPrice": 10.8
  },
  {
    "name": "Pita Pockets White 6 pack",
    "url": "https://www.coles.com.au/product/meb-pita-pockets-white-6-pack-250g-6202992",
    "img": "https://productimages.coles.com.au/productimages/6/6202992.jpg",
    "price": 2.7,
    "quantity": 0.25,
    "unitPrice": 10.8
  },
  {
    "name": "Pita Pockets Wholemeal 6 pack",
    "url": "https://www.coles.com.au/product/meb-pita-pockets-wholemeal-6-pack-250g-6203011",
    "img": "https://productimages.coles.com.au/productimages/6/6203011.jpg",
    "price": 2.7,
    "quantity": 0.25,
    "unitPrice": 10.8
  },
  {
    "name": "Mini Loaf Traditional Wholemeal",
    "url": "https://www.coles.com.au/product/helgas-mini-loaf-traditional-wholemeal-360g-3860887",
    "img": "https://productimages.coles.com.au/productimages/3/3860887.jpg",
    "price": 3.9,
    "quantity": 0.36,
    "unitPrice": 10.8
  },
  {
    "name": "Pancake Shake Mix Buttermilk",
    "url": "https://www.coles.com.au/product/green's-pancake-shake-mix-buttermilk-325g-4663779",
    "img": "https://productimages.coles.com.au/productimages/4/4663779.jpg",
    "price": 3.5,
    "quantity": 0.325,
    "unitPrice": 10.8
  },
  {
    "name": "Pancake Shake Mix Maple Syrup",
    "url": "https://www.coles.com.au/product/green's-pancake-shake-mix-maple-syrup-325g-8043380",
    "img": "https://productimages.coles.com.au/productimages/8/8043380.jpg",
    "price": 3.5,
    "quantity": 0.325,
    "unitPrice": 10.8
  },
  {
    "name": "Gaytime Vanilla Toffee Crumb Cake Mix",
    "url": "https://www.coles.com.au/product/greens-gaytime-vanilla-toffee-crumb-cake-mix-650g-4510010",
    "img": "https://productimages.coles.com.au/productimages/4/4510010.jpg",
    "price": 7,
    "quantity": 0.65,
    "unitPrice": 10.8
  },
  {
    "name": "Goodness Bowl Low Sugar Muesli Berries & Coconut",
    "url": "https://www.coles.com.au/product/uncle-tobys-goodness-bowl-low-sugar-muesli-berries-&-coconut-650g-6067580",
    "img": "https://productimages.coles.com.au/productimages/6/6067580.jpg",
    "price": 7,
    "quantity": 0.65,
    "unitPrice": 10.8
  },
  {
    "name": "Goodness Bowl Low Sugar Muesli Almonds & Cashews",
    "url": "https://www.coles.com.au/product/uncle-tobys-goodness-bowl-low-sugar-muesli-almonds-&-cashews-650g-6067605",
    "img": "https://productimages.coles.com.au/productimages/6/6067605.jpg",
    "price": 7,
    "quantity": 0.65,
    "unitPrice": 10.8
  },
  {
    "name": "Plant Based Organic Indian Golden Lentil Soup",
    "url": "https://www.coles.com.au/product/amy's-kitchen-plant-based-organic-indian-golden-lentil-soup-408g-3465601",
    "img": "https://productimages.coles.com.au/productimages/3/3465601.jpg",
    "price": 4.4,
    "quantity": 0.408,
    "unitPrice": 10.8
  },
  {
    "name": "Rice Paper",
    "url": "https://www.coles.com.au/product/valcom-rice-paper-250g-9919905",
    "img": "https://productimages.coles.com.au/productimages/9/9919905.jpg",
    "price": 2.7,
    "quantity": 0.25,
    "unitPrice": 10.8
  },
  {
    "name": "Tomato Chutney",
    "url": "https://www.coles.com.au/product/coles-tomato-chutney-260g-3762899",
    "img": "https://productimages.coles.com.au/productimages/3/3762899.jpg",
    "price": 2.8,
    "quantity": 0.26,
    "unitPrice": 10.8
  },
  {
    "name": "Tomato Chutney",
    "url": "https://www.coles.com.au/product/coles-tomato-chutney-260g-3762899",
    "img": "https://productimages.coles.com.au/productimages/3/3762899.jpg",
    "price": 2.8,
    "quantity": 0.26,
    "unitPrice": 10.8
  },
  {
    "name": "Moro Extra Virgin Cold Pressed Olive Oil",
    "url": "https://www.woolworths.com.au/shop/productdetails/83992",
    "img": "https://cdn0.woolworths.media/content/wowproductimages/medium/083992.jpg",
    "price": 43,
    "quantity": 4,
    "unitPrice": 10.8
  },
  {
    "name": "Moro Light Taste Olive Oil",
    "url": "https://www.woolworths.com.au/shop/productdetails/43083",
    "img": "https://cdn0.woolworths.media/content/wowproductimages/medium/043083.jpg",
    "price": 43,
    "quantity": 4,
    "unitPrice": 10.8
  },
  {
    "name": "Moro Mild Taste",
    "url": "https://www.woolworths.com.au/shop/productdetails/94998",
    "img": "https://cdn0.woolworths.media/content/wowproductimages/medium/094998.jpg",
    "price": 43,
    "quantity": 4,
    "unitPrice": 10.8
  },
  {
    "name": "Raw C Organic Virgin Coconut Oil",
    "url": "https://www.woolworths.com.au/shop/productdetails/79974",
    "img": "https://cdn0.woolworths.media/content/wowproductimages/medium/079974.jpg",
    "price": 16.2,
    "quantity": 1.5,
    "unitPrice": 10.8
  },
  {
    "name": "White Wings Pancake Mix Buttermilk",
    "url": "https://www.woolworths.com.au/shop/productdetails/248148",
    "img": "https://cdn0.woolworths.media/content/wowproductimages/medium/248148.jpg",
    "price": 3.5,
    "quantity": 0.325,
    "unitPrice": 10.8
  },
  {
    "name": "Uncle Tobys Oat Flakes Cereal",
    "url": "https://www.woolworths.com.au/shop/productdetails/387024",
    "img": "https://cdn0.woolworths.media/content/wowproductimages/medium/387024.jpg",
    "price": 7,
    "quantity": 0.65,
    "unitPrice": 10.8
  },
  {
    "name": "White Wings Pancake Mix Buttermilk",
    "url": "https://www.woolworths.com.au/shop/productdetails/248148",
    "img": "https://cdn0.woolworths.media/content/wowproductimages/medium/248148.jpg",
    "price": 3.5,
    "quantity": 0.325,
    "unitPrice": 10.8
  },
  {
    "name": "Green's Chocolate Chunk Cookies With Dark Chocolate Chips",
    "url": "https://www.woolworths.com.au/shop/productdetails/117660",
    "img": "https://cdn0.woolworths.media/content/wowproductimages/medium/117660.jpg",
    "price": 4.3,
    "quantity": 0.4,
    "unitPrice": 10.8
  },
  {
    "name": "Green's Gluten Free Salted Caramel Choc Fudge Brownie Mix",
    "url": "https://www.woolworths.com.au/shop/productdetails/280153",
    "img": "https://cdn0.woolworths.media/content/wowproductimages/medium/280153.jpg",
    "price": 4.3,
    "quantity": 0.4,
    "unitPrice": 10.8
  },
  {
    "name": "Green's 40% Less Sugar Chocolate Brownies",
    "url": "https://www.woolworths.com.au/shop/productdetails/143232",
    "img": "https://cdn0.woolworths.media/content/wowproductimages/medium/143232.jpg",
    "price": 4.3,
    "quantity": 0.4,
    "unitPrice": 10.8
  },
  {
    "name": "Green's Golden Gaytime Crumb Cake Mix",
    "url": "https://www.woolworths.com.au/shop/productdetails/183982",
    "img": "https://cdn0.woolworths.media/content/wowproductimages/medium/183982.jpg",
    "price": 7,
    "quantity": 0.65,
    "unitPrice": 10.8
  },
  {
    "name": "Mckenzie's Arrowroot Tapioca Flour",
    "url": "https://www.woolworths.com.au/shop/productdetails/226010",
    "img": "https://cdn0.woolworths.media/content/wowproductimages/medium/226010.jpg",
    "price": 1.9,
    "quantity": 0.175,
    "unitPrice": 10.86
  },
  {
    "name": "Free Range Eggs 12 pack",
    "url": "https://www.coles.com.au/product/lucky-chicken-free-range-eggs-12-pack-700g-2837132",
    "img": "https://productimages.coles.com.au/productimages/2/2837132.jpg",
    "price": 7.6,
    "quantity": 0.7,
    "unitPrice": 10.9
  },
  {
    "name": "Free Range Eggs 12 pack",
    "url": "https://www.coles.com.au/product/lucky-chicken-free-range-eggs-12-pack-700g-2837132",
    "img": "https://productimages.coles.com.au/productimages/2/2837132.jpg",
    "price": 7.6,
    "quantity": 0.7,
    "unitPrice": 10.9
  },
  {
    "name": "Spelt Wholemeal Chia",
    "url": "https://www.coles.com.au/product/vitality-spelt-wholemeal-chia-580g-1358134",
    "img": "https://productimages.coles.com.au/productimages/1/1358134.jpg",
    "price": 6.3,
    "quantity": 0.58,
    "unitPrice": 10.9
  },
  {
    "name": "Souvlaki Bread",
    "url": "https://www.coles.com.au/product/mission-souvlaki-bread-320g-4327240",
    "img": "https://productimages.coles.com.au/productimages/4/4327240.jpg",
    "price": 3.5,
    "quantity": 0.32,
    "unitPrice": 10.9
  },
  {
    "name": "Arrowroot",
    "url": "https://www.coles.com.au/product/mckenzie's-arrowroot-175g-4480054",
    "img": "https://productimages.coles.com.au/productimages/4/4480054.jpg",
    "price": 1.9,
    "quantity": 0.175,
    "unitPrice": 10.9
  },
  {
    "name": "Vanilla Cupcake Mix",
    "url": "https://www.coles.com.au/product/betty-crocker-vanilla-cupcake-mix-450g-6922109",
    "img": "https://productimages.coles.com.au/productimages/6/6922109.jpg",
    "price": 4.9,
    "quantity": 0.45,
    "unitPrice": 10.9
  },
  {
    "name": "Original Fruit Free Muesli",
    "url": "https://www.coles.com.au/product/carman's-original-fruit-free-muesli-875g-3500269",
    "img": "https://productimages.coles.com.au/productimages/3/3500269.jpg",
    "price": 9.5,
    "quantity": 0.875,
    "unitPrice": 10.9
  },
  {
    "name": "Natural Bircher Muesli",
    "url": "https://www.coles.com.au/product/carman's-natural-bircher-muesli-875g-3500291",
    "img": "https://productimages.coles.com.au/productimages/3/3500291.jpg",
    "price": 9.5,
    "quantity": 0.875,
    "unitPrice": 10.9
  },
  {
    "name": "Super Berry Muesli",
    "url": "https://www.coles.com.au/product/carman's-super-berry-muesli-875g-3779905",
    "img": "https://productimages.coles.com.au/productimages/3/3779905.jpg",
    "price": 9.5,
    "quantity": 0.875,
    "unitPrice": 10.9
  },
  {
    "name": "Just Right Original Breakfast Cereal",
    "url": "https://www.coles.com.au/product/kellogg's-just-right-original-breakfast-cereal-1.15kg-7058880",
    "img": "https://productimages.coles.com.au/productimages/7/7058880.jpg",
    "price": 12.5,
    "quantity": 1.15,
    "unitPrice": 10.9
  },
  {
    "name": "Yellow Tortilla",
    "url": "https://www.coles.com.au/product/mission-yellow-tortilla-312g-6358222",
    "img": "https://productimages.coles.com.au/productimages/6/6358222.jpg",
    "price": 3.4,
    "quantity": 0.312,
    "unitPrice": 10.9
  },
  {
    "name": "White Corn 12 Tortillas",
    "url": "https://www.coles.com.au/product/mission-white-corn-12-tortillas-312g-6768745",
    "img": "https://productimages.coles.com.au/productimages/6/6768745.jpg",
    "price": 3.4,
    "quantity": 0.312,
    "unitPrice": 10.9
  },
  {
    "name": "Chinese Cooking Wine",
    "url": "https://www.coles.com.au/product/pandaroo-chinese-cooking-wine-375ml-6799829",
    "img": "https://productimages.coles.com.au/productimages/6/6799829.jpg",
    "price": 4.1,
    "quantity": 0.375,
    "unitPrice": 10.9
  },
  {
    "name": "Tartare Sauce",
    "url": "https://www.coles.com.au/product/coles-tartare-sauce-230g-2781821",
    "img": "https://productimages.coles.com.au/productimages/2/2781821.jpg",
    "price": 2.5,
    "quantity": 0.23,
    "unitPrice": 10.9
  },
  {
    "name": "Seafood Sauce",
    "url": "https://www.coles.com.au/product/coles-seafood-sauce-230g-2781832",
    "img": "https://productimages.coles.com.au/productimages/2/2781832.jpg",
    "price": 2.5,
    "quantity": 0.23,
    "unitPrice": 10.9
  },
  {
    "name": "Potato Salad Dressing",
    "url": "https://www.coles.com.au/product/praise-potato-salad-dressing-330ml-2762022",
    "img": "https://productimages.coles.com.au/productimages/2/2762022.jpg",
    "price": 3.6,
    "quantity": 0.33,
    "unitPrice": 10.9
  },
  {
    "name": "Fat Free 25% Less Sugar French Dressing",
    "url": "https://www.coles.com.au/product/praise-fat-free-25%-less-sugar-french-dressing-330ml-4513572",
    "img": "https://productimages.coles.com.au/productimages/4/4513572.jpg",
    "price": 3.6,
    "quantity": 0.33,
    "unitPrice": 10.9
  },
  {
    "name": "Fat Free 25% Less Sugar Balsamic Dressing",
    "url": "https://www.coles.com.au/product/praise-fat-free-25%-less-sugar-balsamic-dressing-330ml-4513630",
    "img": "https://productimages.coles.com.au/productimages/4/4513630.jpg",
    "price": 3.6,
    "quantity": 0.33,
    "unitPrice": 10.9
  },
  {
    "name": "Ranch Dressing",
    "url": "https://www.coles.com.au/product/praise-ranch-dressing-330ml-5370776",
    "img": "https://productimages.coles.com.au/productimages/5/5370776.jpg",
    "price": 3.6,
    "quantity": 0.33,
    "unitPrice": 10.9
  },
  {
    "name": "Pasta Salad Dressing",
    "url": "https://www.coles.com.au/product/praise-pasta-salad-dressing-330ml-5493834",
    "img": "https://productimages.coles.com.au/productimages/5/5493834.jpg",
    "price": 3.6,
    "quantity": 0.33,
    "unitPrice": 10.9
  },
  {
    "name": "Balsamic Dressing",
    "url": "https://www.coles.com.au/product/praise-balsamic-dressing-330ml-6541284",
    "img": "https://productimages.coles.com.au/productimages/6/6541284.jpg",
    "price": 3.6,
    "quantity": 0.33,
    "unitPrice": 10.9
  },
  {
    "name": "Caesar Dressing",
    "url": "https://www.coles.com.au/product/praise-caesar-dressing-330ml-9820943",
    "img": "https://productimages.coles.com.au/productimages/9/9820943.jpg",
    "price": 3.6,
    "quantity": 0.33,
    "unitPrice": 10.9
  },
  {
    "name": "Thousand Island Dressing",
    "url": "https://www.coles.com.au/product/praise-thousand-island-dressing-330ml-9821017",
    "img": "https://productimages.coles.com.au/productimages/9/9821017.jpg",
    "price": 3.6,
    "quantity": 0.33,
    "unitPrice": 10.9
  },
  {
    "name": "Italian Dressing",
    "url": "https://www.coles.com.au/product/praise-italian-dressing-330ml-9821040",
    "img": "https://productimages.coles.com.au/productimages/9/9821040.jpg",
    "price": 3.6,
    "quantity": 0.33,
    "unitPrice": 10.9
  },
  {
    "name": "Coleslaw Dressing",
    "url": "https://www.coles.com.au/product/praise-coleslaw-dressing-330ml-9821061",
    "img": "https://productimages.coles.com.au/productimages/9/9821061.jpg",
    "price": 3.6,
    "quantity": 0.33,
    "unitPrice": 10.9
  },
  {
    "name": "Tartare Sauce",
    "url": "https://www.coles.com.au/product/coles-tartare-sauce-230g-2781821",
    "img": "https://productimages.coles.com.au/productimages/2/2781821.jpg",
    "price": 2.5,
    "quantity": 0.23,
    "unitPrice": 10.9
  },
  {
    "name": "Seafood Sauce",
    "url": "https://www.coles.com.au/product/coles-seafood-sauce-230g-2781832",
    "img": "https://productimages.coles.com.au/productimages/2/2781832.jpg",
    "price": 2.5,
    "quantity": 0.23,
    "unitPrice": 10.9
  },
  {
    "name": "Potato Salad Dressing",
    "url": "https://www.coles.com.au/product/praise-potato-salad-dressing-330ml-2762022",
    "img": "https://productimages.coles.com.au/productimages/2/2762022.jpg",
    "price": 3.6,
    "quantity": 0.33,
    "unitPrice": 10.9
  },
  {
    "name": "Fat Free 25% Less Sugar French Dressing",
    "url": "https://www.coles.com.au/product/praise-fat-free-25%-less-sugar-french-dressing-330ml-4513572",
    "img": "https://productimages.coles.com.au/productimages/4/4513572.jpg",
    "price": 3.6,
    "quantity": 0.33,
    "unitPrice": 10.9
  },
  {
    "name": "Fat Free 25% Less Sugar Balsamic Dressing",
    "url": "https://www.coles.com.au/product/praise-fat-free-25%-less-sugar-balsamic-dressing-330ml-4513630",
    "img": "https://productimages.coles.com.au/productimages/4/4513630.jpg",
    "price": 3.6,
    "quantity": 0.33,
    "unitPrice": 10.9
  },
  {
    "name": "Ranch Dressing",
    "url": "https://www.coles.com.au/product/praise-ranch-dressing-330ml-5370776",
    "img": "https://productimages.coles.com.au/productimages/5/5370776.jpg",
    "price": 3.6,
    "quantity": 0.33,
    "unitPrice": 10.9
  },
  {
    "name": "Pasta Salad Dressing",
    "url": "https://www.coles.com.au/product/praise-pasta-salad-dressing-330ml-5493834",
    "img": "https://productimages.coles.com.au/productimages/5/5493834.jpg",
    "price": 3.6,
    "quantity": 0.33,
    "unitPrice": 10.9
  },
  {
    "name": "Balsamic Dressing",
    "url": "https://www.coles.com.au/product/praise-balsamic-dressing-330ml-6541284",
    "img": "https://productimages.coles.com.au/productimages/6/6541284.jpg",
    "price": 3.6,
    "quantity": 0.33,
    "unitPrice": 10.9
  },
  {
    "name": "Caesar Dressing",
    "url": "https://www.coles.com.au/product/praise-caesar-dressing-330ml-9820943",
    "img": "https://productimages.coles.com.au/productimages/9/9820943.jpg",
    "price": 3.6,
    "quantity": 0.33,
    "unitPrice": 10.9
  },
  {
    "name": "Thousand Island Dressing",
    "url": "https://www.coles.com.au/product/praise-thousand-island-dressing-330ml-9821017",
    "img": "https://productimages.coles.com.au/productimages/9/9821017.jpg",
    "price": 3.6,
    "quantity": 0.33,
    "unitPrice": 10.9
  },
  {
    "name": "Italian Dressing",
    "url": "https://www.coles.com.au/product/praise-italian-dressing-330ml-9821040",
    "img": "https://productimages.coles.com.au/productimages/9/9821040.jpg",
    "price": 3.6,
    "quantity": 0.33,
    "unitPrice": 10.9
  },
  {
    "name": "Coleslaw Dressing",
    "url": "https://www.coles.com.au/product/praise-coleslaw-dressing-330ml-9821061",
    "img": "https://productimages.coles.com.au/productimages/9/9821061.jpg",
    "price": 3.6,
    "quantity": 0.33,
    "unitPrice": 10.9
  },
  {
    "name": "Carman's Muesli Classic",
    "url": "https://www.woolworths.com.au/shop/productdetails/688508",
    "img": "https://cdn0.woolworths.media/content/wowproductimages/medium/688508.jpg",
    "price": 9.5,
    "quantity": 0.875,
    "unitPrice": 10.9
  },
  {
    "name": "Carman's Muesli Original",
    "url": "https://www.woolworths.com.au/shop/productdetails/688530",
    "img": "https://cdn0.woolworths.media/content/wowproductimages/medium/688530.jpg",
    "price": 9.5,
    "quantity": 0.875,
    "unitPrice": 10.9
  },
  {
    "name": "Carman's Natural Bircher Muesli",
    "url": "https://www.woolworths.com.au/shop/productdetails/688509",
    "img": "https://cdn0.woolworths.media/content/wowproductimages/medium/688509.jpg",
    "price": 9.5,
    "quantity": 0.875,
    "unitPrice": 10.9
  },
  {
    "name": "Carman's Super Berry Muesli",
    "url": "https://www.woolworths.com.au/shop/productdetails/85132",
    "img": "https://cdn0.woolworths.media/content/wowproductimages/medium/085132.jpg",
    "price": 9.5,
    "quantity": 0.875,
    "unitPrice": 10.9
  },
  {
    "name": "Pandaroo Ingredients Chinese Cooking Wine",
    "url": "https://www.woolworths.com.au/shop/productdetails/702357",
    "img": "https://cdn0.woolworths.media/content/wowproductimages/medium/702357.jpg",
    "price": 4.1,
    "quantity": 0.375,
    "unitPrice": 10.9
  },
  {
    "name": "Csr White Sugar Cubes",
    "url": "https://www.woolworths.com.au/shop/productdetails/112080",
    "img": "https://cdn0.woolworths.media/content/wowproductimages/medium/112080.jpg",
    "price": 4.9,
    "quantity": 0.45,
    "unitPrice": 10.9
  },
  {
    "name": "Sliced Mushrooms in Butter Sauce",
    "url": "https://www.coles.com.au/product/edgell-sliced-mushrooms-in-butter-sauce-220g-131905",
    "img": "https://productimages.coles.com.au/productimages/1/131905.jpg",
    "price": 2.4,
    "quantity": 0.22,
    "unitPrice": 10.91
  },
  {
    "name": "Marinated Artichokes",
    "url": "https://www.coles.com.au/product/coles-marinated-artichokes-275g-7562155",
    "img": "https://productimages.coles.com.au/productimages/7/7562155.jpg",
    "price": 3,
    "quantity": 0.275,
    "unitPrice": 10.91
  },
  {
    "name": "Marinated Artichokes",
    "url": "https://www.coles.com.au/product/coles-marinated-artichokes-275g-7562155",
    "img": "https://productimages.coles.com.au/productimages/7/7562155.jpg",
    "price": 3,
    "quantity": 0.275,
    "unitPrice": 10.91
  },
  {
    "name": "Edgell Sliced Mushrooms In Butter Sauce",
    "url": "https://www.woolworths.com.au/shop/productdetails/34107",
    "img": "https://cdn0.woolworths.media/content/wowproductimages/medium/034107.jpg",
    "price": 2.4,
    "quantity": 0.22,
    "unitPrice": 10.91
  },
  {
    "name": "Edgell Sliced Mushrooms In Butter Sauce",
    "url": "https://www.woolworths.com.au/shop/productdetails/34107",
    "img": "https://cdn0.woolworths.media/content/wowproductimages/medium/034107.jpg",
    "price": 2.4,
    "quantity": 0.22,
    "unitPrice": 10.91
  },
  {
    "name": "Woolworths Cook Layered Stir-fry Kit With Honey Soy Sauce",
    "url": "https://www.woolworths.com.au/shop/productdetails/852515",
    "img": "https://cdn0.woolworths.media/content/wowproductimages/medium/852515.jpg",
    "price": 6,
    "quantity": 0.55,
    "unitPrice": 10.91
  },
  {
    "name": "Vitasoy Almond Double Espresso",
    "url": "https://www.woolworths.com.au/shop/productdetails/807017",
    "img": "https://cdn0.woolworths.media/content/wowproductimages/medium/807017.jpg",
    "price": 3.6,
    "quantity": 0.33,
    "unitPrice": 10.91
  },
  {
    "name": "Vitasoy Almond Milk Chocolate",
    "url": "https://www.woolworths.com.au/shop/productdetails/807018",
    "img": "https://cdn0.woolworths.media/content/wowproductimages/medium/807018.jpg",
    "price": 3.6,
    "quantity": 0.33,
    "unitPrice": 10.91
  },
  {
    "name": "Vitasoy Oat Milk Cafe Latte",
    "url": "https://www.woolworths.com.au/shop/productdetails/212722",
    "img": "https://cdn0.woolworths.media/content/wowproductimages/medium/212722.jpg",
    "price": 3.6,
    "quantity": 0.33,
    "unitPrice": 10.91
  },
  {
    "name": "Safcol Responsibly Fished Tuna In Spring Water",
    "url": "https://www.woolworths.com.au/shop/productdetails/708381",
    "img": "https://cdn0.woolworths.media/content/wowproductimages/medium/708381.jpg",
    "price": 4.65,
    "quantity": 0.425,
    "unitPrice": 10.94
  },
  {
    "name": "Safcol Responsibly Fished Tuna In Oil Italian Style",
    "url": "https://www.woolworths.com.au/shop/productdetails/708309",
    "img": "https://cdn0.woolworths.media/content/wowproductimages/medium/708309.jpg",
    "price": 4.65,
    "quantity": 0.425,
    "unitPrice": 10.94
  },
  {
    "name": "Rokeby Farms Protein Smoothie Dutch Chocolate",
    "url": "https://www.woolworths.com.au/shop/productdetails/771258",
    "img": "https://cdn0.woolworths.media/content/wowproductimages/medium/771258.jpg",
    "price": 4.65,
    "quantity": 0.425,
    "unitPrice": 10.94
  },
  {
    "name": "Chilli Peppers",
    "url": "https://www.coles.com.au/product/always-fresh-chilli-peppers-310g-6799771",
    "img": "https://productimages.coles.com.au/productimages/6/6799771.jpg",
    "price": 3.4,
    "quantity": 0.31,
    "unitPrice": 10.97
  },
  {
    "name": "Chilli Peppers",
    "url": "https://www.coles.com.au/product/always-fresh-chilli-peppers-310g-6799771",
    "img": "https://productimages.coles.com.au/productimages/6/6799771.jpg",
    "price": 3.4,
    "quantity": 0.31,
    "unitPrice": 10.97
  },
  {
    "name": "Olga’s Fine Foods Chicken Patties",
    "url": "https://www.aldi.com.au/en/groceries/super-savers/super-savers-detail/ps/p/olgas-fine-foods-chicken-patties-500g-4/",
    "img": "https://www.aldi.com.au/fileadmin/_processed_/b/6/csm_4223_SSV_MEAT_1x1_4_RET_b720990b9a.png",
    "price": 5.49,
    "quantity": 0.5,
    "unitPrice": 10.98
  },
  {
    "name": "Manhattan Cottage Cheese",
    "url": "https://www.aldi.com.au/en/groceries/fresh-produce/dairy-eggs/dairy-eggs-detail/ps/p/manhattan-cottage-cheese-500g-1/",
    "img": "https://www.aldi.com.au/fileadmin/_processed_/f/5/csm_ALN2853_AWARDS_CHEESE_1x1_228x128_4_03b377115d.jpg",
    "price": 5.49,
    "quantity": 0.5,
    "unitPrice": 10.98
  },
  {
    "name": "Pro-B  Milk Drink Fermented",
    "url": "https://www.coles.com.au/product/coles-pro-b--milk-drink-fermented-305ml-8870550",
    "img": "https://productimages.coles.com.au/productimages/8/8870550.jpg",
    "price": 3.35,
    "quantity": 0.305,
    "unitPrice": 10.98
  },
  {
    "name": "The Olive Tree Extra Virgin Olive Oil",
    "url": "https://www.aldi.com.au/en/groceries/pantry/olive-oil/olive-oil-detail/ps/p/the-olive-tree-extra-virgin-olive-oil-1l/",
    "img": "https://www.aldi.com.au/fileadmin/_processed_/2/c/csm_1001829-1_Q1-WEB-AUDIT_OLIVE-OIL_1x1_228x128_1_RET_3b44b5f8e2.png",
    "price": 10.99,
    "quantity": 1,
    "unitPrice": 11
  },
  {
    "name": "Kitchen Shredded Carrot",
    "url": "https://www.coles.com.au/product/coles-kitchen-shredded-carrot-200g-2470424",
    "img": "https://productimages.coles.com.au/productimages/2/2470424.jpg",
    "price": 2.2,
    "quantity": 0.2,
    "unitPrice": 11
  },
  {
    "name": "Mushrooms Sliced",
    "url": "https://www.coles.com.au/product/coles-mushrooms-sliced-500g-2728862",
    "img": "https://productimages.coles.com.au/productimages/2/2728862.jpg",
    "price": 5.5,
    "quantity": 0.5,
    "unitPrice": 11
  },
  {
    "name": "Cup Mushrooms",
    "url": "https://www.coles.com.au/product/coles-cup-mushrooms-500g-4829838",
    "img": "https://productimages.coles.com.au/productimages/4/4829838.jpg",
    "price": 5.5,
    "quantity": 0.5,
    "unitPrice": 11
  },
  {
    "name": "Kitchen Salad Extra Creamy Coleslaw Kit",
    "url": "https://www.coles.com.au/product/coles-kitchen-salad-extra-creamy-coleslaw-kit-500g-5485993",
    "img": "https://productimages.coles.com.au/productimages/5/5485993.jpg",
    "price": 5.5,
    "quantity": 0.5,
    "unitPrice": 11
  },
  {
    "name": "Free Range Large Eggs 18 pack",
    "url": "https://www.coles.com.au/product/sunny-queen-free-range-large-eggs-18-pack-900g-8953577",
    "img": "https://productimages.coles.com.au/productimages/8/8953577.jpg",
    "price": 9.9,
    "quantity": 0.9,
    "unitPrice": 11
  },
  {
    "name": "Strawberry Panna Cotta 2X150G",
    "url": "https://www.coles.com.au/product/wicked-sister-strawberry-panna-cotta-2x150g-300g-3835573",
    "img": "https://productimages.coles.com.au/productimages/3/3835573.jpg",
    "price": 3.3,
    "quantity": 0.3,
    "unitPrice": 11
  },
  {
    "name": "Vanilla Bean Creme Caramel 2X150Gram",
    "url": "https://www.coles.com.au/product/wicked-sister-vanilla-bean-creme-caramel-2x150gram-300g-3835595",
    "img": "https://productimages.coles.com.au/productimages/3/3835595.jpg",
    "price": 3.3,
    "quantity": 0.3,
    "unitPrice": 11
  },
  {
    "name": "Dairy Free Natural Greek Style Yoghurt",
    "url": "https://www.coles.com.au/product/kingland-dairy-free-natural-greek-style-yoghurt-500g-3621004",
    "img": "https://productimages.coles.com.au/productimages/3/3621004.jpg",
    "price": 5.5,
    "quantity": 0.5,
    "unitPrice": 11
  },
  {
    "name": "Dairy Free Berries & Chia Seeds Greek Style Yoghurt",
    "url": "https://www.coles.com.au/product/kingland-dairy-free-berries-&-chia-seeds-greek-style-yoghurt-500g-3621015",
    "img": "https://productimages.coles.com.au/productimages/3/3621015.jpg",
    "price": 5.5,
    "quantity": 0.5,
    "unitPrice": 11
  },
  {
    "name": "Fresh Cream",
    "url": "https://www.coles.com.au/product/dairy-farmers-fresh-cream-500ml-6436359",
    "img": "https://productimages.coles.com.au/productimages/6/6436359.jpg",
    "price": 5.5,
    "quantity": 0.5,
    "unitPrice": 11
  },
  {
    "name": "Olive Oil Margarine Spread Classic",
    "url": "https://www.coles.com.au/product/bertolli-olive-oil-margarine-spread-classic-500g-9643622",
    "img": "https://productimages.coles.com.au/productimages/9/9643622.jpg",
    "price": 5.5,
    "quantity": 0.5,
    "unitPrice": 11
  },
  {
    "name": "Free Range 12 Pack",
    "url": "https://www.coles.com.au/product/mornington-peninsula-free-range-12-pack-700g-6802424",
    "img": "https://productimages.coles.com.au/productimages/6/6802424.jpg",
    "price": 7.7,
    "quantity": 0.7,
    "unitPrice": 11
  },
  {
    "name": "Cooking Bacon",
    "url": "https://www.coles.com.au/product/thomson's-deli-cooking-bacon-1kg-2819312",
    "img": "https://productimages.coles.com.au/productimages/2/2819312.jpg",
    "price": 11,
    "quantity": 1,
    "unitPrice": 11
  },
  {
    "name": "Pikelets 8 Pack",
    "url": "https://www.coles.com.au/product/coles-pikelets-8-pack-200g-4799340",
    "img": "https://productimages.coles.com.au/productimages/4/4799340.jpg",
    "price": 2.2,
    "quantity": 0.2,
    "unitPrice": 11
  },
  {
    "name": "85% Lower Carb High Protein Loaf",
    "url": "https://www.coles.com.au/product/coles-85%-lower-carb-high-protein-loaf-500g-4654155",
    "img": "https://productimages.coles.com.au/productimages/4/4654155.jpg",
    "price": 5.5,
    "quantity": 0.5,
    "unitPrice": 11
  },
  {
    "name": "Skinless Cocktail Frankfurt's",
    "url": "https://www.coles.com.au/product/don-skinless-cocktail-frankfurt's-approx.-50g-each-5186449",
    "img": "https://productimages.coles.com.au/productimages/5/5186449.jpg",
    "price": 0.55,
    "quantity": 0.05,
    "unitPrice": 11
  },
  {
    "name": "Skinless Thin Frankfurt's",
    "url": "https://www.coles.com.au/product/don-skinless-thin-frankfurt's-approx.-100g-each-328739",
    "img": "https://productimages.coles.com.au/productimages/3/328739.jpg",
    "price": 1.1,
    "quantity": 0.1,
    "unitPrice": 11
  },
  {
    "name": "RSPCA Approved Chicken Breast Fillets Skin Off",
    "url": "https://www.coles.com.au/product/coles-deli-rspca-approved-chicken-breast-fillets-skin-off-approx.-300g-2271199",
    "img": "https://productimages.coles.com.au/productimages/2/2271199.jpg",
    "price": 3.3,
    "quantity": 0.3,
    "unitPrice": 11
  },
  {
    "name": "Cooking Bacon",
    "url": "https://www.coles.com.au/product/thomson's-deli-cooking-bacon-1kg-2819312",
    "img": "https://productimages.coles.com.au/productimages/2/2819312.jpg",
    "price": 11,
    "quantity": 1,
    "unitPrice": 11
  },
  {
    "name": "Thawed Basa Fillets",
    "url": "https://www.coles.com.au/product/coles-deli-thawed-basa-fillets-approx.-200g-each-9398755",
    "img": "https://productimages.coles.com.au/productimages/9/9398755.jpg",
    "price": 2.2,
    "quantity": 0.2,
    "unitPrice": 11
  },
  {
    "name": "Pancake Shake Mix Original",
    "url": "https://www.coles.com.au/product/green's-pancake-shake-mix-original-200g-5318594",
    "img": "https://productimages.coles.com.au/productimages/5/5318594.jpg",
    "price": 2.2,
    "quantity": 0.2,
    "unitPrice": 11
  },
  {
    "name": "Desiccated Coconut",
    "url": "https://www.coles.com.au/product/mckenzie's-desiccated-coconut-250g-120024",
    "img": "https://productimages.coles.com.au/productimages/1/120024.jpg",
    "price": 2.75,
    "quantity": 0.25,
    "unitPrice": 11
  },
  {
    "name": "Mixed Dried Fruit",
    "url": "https://www.coles.com.au/product/sunbeam-mixed-dried-fruit-1kg-171477",
    "img": "https://productimages.coles.com.au/productimages/1/171477.jpg",
    "price": 11,
    "quantity": 1,
    "unitPrice": 11
  },
  {
    "name": "Bush Foods Breakfast Cereal",
    "url": "https://www.coles.com.au/product/dick-smith's-bush-foods-breakfast-cereal-500g-9307352",
    "img": "https://productimages.coles.com.au/productimages/9/9307352.jpg",
    "price": 5.5,
    "quantity": 0.5,
    "unitPrice": 11
  },
  {
    "name": "Microwaveable Soup Bowl Chicken Noodle Soup",
    "url": "https://www.coles.com.au/product/la-zuppa-microwaveable-soup-bowl-chicken-noodle-soup-420g-1727445",
    "img": "https://productimages.coles.com.au/productimages/1/1727445.jpg",
    "price": 4.6,
    "quantity": 0.42,
    "unitPrice": 11
  },
  {
    "name": "Microwaveable Soup Bowl Minestrone Soup",
    "url": "https://www.coles.com.au/product/la-zuppa-microwaveable-soup-bowl-minestrone-soup-420g-6299520",
    "img": "https://productimages.coles.com.au/productimages/6/6299520.jpg",
    "price": 4.6,
    "quantity": 0.42,
    "unitPrice": 11
  },
  {
    "name": "Microwaveable Soup Bowl Pumpkin Soup",
    "url": "https://www.coles.com.au/product/la-zuppa-microwaveable-soup-bowl-pumpkin-soup-420g-6299542",
    "img": "https://productimages.coles.com.au/productimages/6/6299542.jpg",
    "price": 4.6,
    "quantity": 0.42,
    "unitPrice": 11
  },
  {
    "name": "Microwaveable Soup Bowl Hearty Chicken & Vegetable Soup",
    "url": "https://www.coles.com.au/product/la-zuppa-microwaveable-soup-bowl-hearty-chicken-&-vegetable-soup-420g-8026370",
    "img": "https://productimages.coles.com.au/productimages/8/8026370.jpg",
    "price": 4.6,
    "quantity": 0.42,
    "unitPrice": 11
  },
  {
    "name": "Egg Fried Rice",
    "url": "https://www.coles.com.au/product/coles-egg-fried-rice-250g-3810459",
    "img": "https://productimages.coles.com.au/productimages/3/3810459.jpg",
    "price": 2.75,
    "quantity": 0.25,
    "unitPrice": 11
  },
  {
    "name": "Organic Split Pea Soup Canned",
    "url": "https://www.coles.com.au/product/amy's-kitchen-organic-split-pea-soup-canned-400g-2303397",
    "img": "https://productimages.coles.com.au/productimages/2/2303397.jpg",
    "price": 4.4,
    "quantity": 0.4,
    "unitPrice": 11
  },
  {
    "name": "Pouch Chicken & Sweetcorn Soup",
    "url": "https://www.coles.com.au/product/la-zuppa-pouch-chicken-&-sweetcorn-soup-500g-4801384",
    "img": "https://productimages.coles.com.au/productimages/4/4801384.jpg",
    "price": 5.5,
    "quantity": 0.5,
    "unitPrice": 11
  },
  {
    "name": "Pouch Minestrone Soup",
    "url": "https://www.coles.com.au/product/la-zuppa-pouch-minestrone-soup-500g-6126500",
    "img": "https://productimages.coles.com.au/productimages/6/6126500.jpg",
    "price": 5.5,
    "quantity": 0.5,
    "unitPrice": 11
  },
  {
    "name": "Egg Fried Rice",
    "url": "https://www.coles.com.au/product/coles-egg-fried-rice-250g-3810459",
    "img": "https://productimages.coles.com.au/productimages/3/3810459.jpg",
    "price": 2.75,
    "quantity": 0.25,
    "unitPrice": 11
  },
  {
    "name": "Organic Split Pea Soup Canned",
    "url": "https://www.coles.com.au/product/amy's-kitchen-organic-split-pea-soup-canned-400g-2303397",
    "img": "https://productimages.coles.com.au/productimages/2/2303397.jpg",
    "price": 4.4,
    "quantity": 0.4,
    "unitPrice": 11
  },
  {
    "name": "Pouch Chicken & Sweetcorn Soup",
    "url": "https://www.coles.com.au/product/la-zuppa-pouch-chicken-&-sweetcorn-soup-500g-4801384",
    "img": "https://productimages.coles.com.au/productimages/4/4801384.jpg",
    "price": 5.5,
    "quantity": 0.5,
    "unitPrice": 11
  },
  {
    "name": "Pouch Minestrone Soup",
    "url": "https://www.coles.com.au/product/la-zuppa-pouch-minestrone-soup-500g-6126500",
    "img": "https://productimages.coles.com.au/productimages/6/6126500.jpg",
    "price": 5.5,
    "quantity": 0.5,
    "unitPrice": 11
  },
  {
    "name": "Turmeric Powder",
    "url": "https://www.coles.com.au/product/pattu-turmeric-powder-200g-3339200",
    "img": "https://productimages.coles.com.au/productimages/3/3339200.jpg",
    "price": 2.2,
    "quantity": 0.2,
    "unitPrice": 11
  },
  {
    "name": "Rice Sticks Pad Thai Noodles",
    "url": "https://www.coles.com.au/product/erawan-rice-sticks-pad-thai-noodles-200g-6073018",
    "img": "https://productimages.coles.com.au/productimages/6/6073018.jpg",
    "price": 2.2,
    "quantity": 0.2,
    "unitPrice": 11
  },
  {
    "name": "Rice Vermicelli Noodles",
    "url": "https://www.coles.com.au/product/roll'd-rice-vermicelli-noodles-400g-4208841",
    "img": "https://productimages.coles.com.au/productimages/4/4208841.jpg",
    "price": 4.4,
    "quantity": 0.4,
    "unitPrice": 11
  },
  {
    "name": "Schezwan Instant Noodles",
    "url": "https://www.coles.com.au/product/ching's-schezwan-instant-noodles-240g-2872213",
    "img": "https://productimages.coles.com.au/productimages/2/2872213.jpg",
    "price": 2.65,
    "quantity": 0.24,
    "unitPrice": 11
  },
  {
    "name": "Unrefined Organic Extra Virgin Coconut Oil",
    "url": "https://www.coles.com.au/product/coles-unrefined-organic-extra-virgin-coconut-oil-900g-3131093",
    "img": "https://productimages.coles.com.au/productimages/3/3131093.jpg",
    "price": 9.9,
    "quantity": 0.9,
    "unitPrice": 11
  },
  {
    "name": "Balsamic Vinegar of Modena",
    "url": "https://www.coles.com.au/product/moro-balsamic-vinegar-of-modena-500ml-7113978",
    "img": "https://productimages.coles.com.au/productimages/7/7113978.jpg",
    "price": 5.5,
    "quantity": 0.5,
    "unitPrice": 11
  },
  {
    "name": "Extra Virgin Olive Oil",
    "url": "https://www.coles.com.au/product/la-espanola-extra-virgin-olive-oil-4l-6542902",
    "img": "https://productimages.coles.com.au/productimages/6/6542902.jpg",
    "price": 44,
    "quantity": 4,
    "unitPrice": 11
  },
  {
    "name": "Egg Fried Rice",
    "url": "https://www.coles.com.au/product/coles-egg-fried-rice-250g-3810459",
    "img": "https://productimages.coles.com.au/productimages/3/3810459.jpg",
    "price": 2.75,
    "quantity": 0.25,
    "unitPrice": 11
  },
  {
    "name": "Fusilloni No.120 Italian Pasta",
    "url": "https://www.coles.com.au/product/cucina-matese-fusilloni-no.120-italian-pasta-500g-3380418",
    "img": "https://productimages.coles.com.au/productimages/3/3380418.jpg",
    "price": 5.5,
    "quantity": 0.5,
    "unitPrice": 11
  },
  {
    "name": "Conchiglioni Italian Pasta",
    "url": "https://www.coles.com.au/product/cucina-matese-conchiglioni-italian-pasta-500g-3380510",
    "img": "https://productimages.coles.com.au/productimages/3/3380510.jpg",
    "price": 5.5,
    "quantity": 0.5,
    "unitPrice": 11
  },
  {
    "name": "Organic Tomato Paste Jar",
    "url": "https://www.coles.com.au/product/leggo's-organic-tomato-paste-jar-500g-3653430",
    "img": "https://productimages.coles.com.au/productimages/3/3653430.jpg",
    "price": 5.5,
    "quantity": 0.5,
    "unitPrice": 11
  },
  {
    "name": "Soy Sauce",
    "url": "https://www.coles.com.au/product/kikkoman-soy-sauce-1l-459125",
    "img": "https://productimages.coles.com.au/productimages/4/459125.jpg",
    "price": 11,
    "quantity": 1,
    "unitPrice": 11
  },
  {
    "name": "Boneless Small Pork Loin Roast",
    "url": "https://www.coles.com.au/product/coles-boneless-small-pork-loin-roast-approx.-1.25kg-7363501",
    "img": "https://productimages.coles.com.au/productimages/7/7363501.jpg",
    "price": 13.75,
    "quantity": 1.25,
    "unitPrice": 11
  },
  {
    "name": "Woolworths Frozen Mixed Berries",
    "url": "https://www.woolworths.com.au/shop/productdetails/586517",
    "img": "https://cdn0.woolworths.media/content/wowproductimages/medium/586517.jpg",
    "price": 11,
    "quantity": 1,
    "unitPrice": 11
  },
  {
    "name": "Woolworths Frozen Blueberries",
    "url": "https://www.woolworths.com.au/shop/productdetails/586516",
    "img": "https://cdn0.woolworths.media/content/wowproductimages/medium/586516.jpg",
    "price": 11,
    "quantity": 1,
    "unitPrice": 11
  },
  {
    "name": "Grand Italian Fresh Potato Gnocchi",
    "url": "https://www.woolworths.com.au/shop/productdetails/23782",
    "img": "https://cdn0.woolworths.media/content/wowproductimages/medium/023782.jpg",
    "price": 5.5,
    "quantity": 0.5,
    "unitPrice": 11
  },
  {
    "name": "Birds Eye Veggie Rice Cauliflower",
    "url": "https://www.woolworths.com.au/shop/productdetails/802638",
    "img": "https://cdn0.woolworths.media/content/wowproductimages/medium/802638.jpg",
    "price": 5.5,
    "quantity": 0.5,
    "unitPrice": 11
  },
  {
    "name": "Birds Eye Veggie Rice Carrot, Cauli & Broccoli",
    "url": "https://www.woolworths.com.au/shop/productdetails/117518",
    "img": "https://cdn0.woolworths.media/content/wowproductimages/medium/117518.jpg",
    "price": 5.5,
    "quantity": 0.5,
    "unitPrice": 11
  },
  {
    "name": "Birds Eye Veggie Rice Broccoli & Cauli",
    "url": "https://www.woolworths.com.au/shop/productdetails/62825",
    "img": "https://cdn0.woolworths.media/content/wowproductimages/medium/062825.jpg",
    "price": 5.5,
    "quantity": 0.5,
    "unitPrice": 11
  },
  {
    "name": "Sunny Queen 18 Large Free Range Eggs",
    "url": "https://www.woolworths.com.au/shop/productdetails/771237",
    "img": "https://cdn0.woolworths.media/content/wowproductimages/medium/771237.jpg",
    "price": 9.9,
    "quantity": 0.9,
    "unitPrice": 11
  },
  {
    "name": "Bertolli Classic Olive Oil Spread Margarine Classic",
    "url": "https://www.woolworths.com.au/shop/productdetails/341120",
    "img": "https://cdn0.woolworths.media/content/wowproductimages/medium/341120.jpg",
    "price": 5.5,
    "quantity": 0.5,
    "unitPrice": 11
  },
  {
    "name": "Carbonell Extra Virgin Olive Oil",
    "url": "https://www.woolworths.com.au/shop/productdetails/220016",
    "img": "https://cdn0.woolworths.media/content/wowproductimages/medium/220016.jpg",
    "price": 11,
    "quantity": 1,
    "unitPrice": 11
  },
  {
    "name": "Carbonell Olive Oil Light Taste",
    "url": "https://www.woolworths.com.au/shop/productdetails/220014",
    "img": "https://cdn0.woolworths.media/content/wowproductimages/medium/220014.jpg",
    "price": 11,
    "quantity": 1,
    "unitPrice": 11
  },
  {
    "name": "Carbonell Olive Oil",
    "url": "https://www.woolworths.com.au/shop/productdetails/220015",
    "img": "https://cdn0.woolworths.media/content/wowproductimages/medium/220015.jpg",
    "price": 11,
    "quantity": 1,
    "unitPrice": 11
  },
  {
    "name": "Carbonell Extra Virgin Olive Oil",
    "url": "https://www.woolworths.com.au/shop/productdetails/286257",
    "img": "https://cdn0.woolworths.media/content/wowproductimages/medium/286257.jpg",
    "price": 44,
    "quantity": 4,
    "unitPrice": 11
  },
  {
    "name": "Carbonell Original Olive Oil Olive Oil",
    "url": "https://www.woolworths.com.au/shop/productdetails/39931",
    "img": "https://cdn0.woolworths.media/content/wowproductimages/medium/039931.jpg",
    "price": 44,
    "quantity": 4,
    "unitPrice": 11
  },
  {
    "name": "Essentials Packet Soup Mix Chicken Noodle",
    "url": "https://www.woolworths.com.au/shop/productdetails/37613",
    "img": "https://cdn0.woolworths.media/content/wowproductimages/medium/037613.jpg",
    "price": 0.55,
    "quantity": 0.05,
    "unitPrice": 11
  },
  {
    "name": "La Zuppa Microwave Soup Minestrone Minestrone",
    "url": "https://www.woolworths.com.au/shop/productdetails/297728",
    "img": "https://cdn0.woolworths.media/content/wowproductimages/medium/297728.jpg",
    "price": 4.6,
    "quantity": 0.42,
    "unitPrice": 11
  },
  {
    "name": "La Zuppa Microwave Soup Chicken Veg & Wholegrain",
    "url": "https://www.woolworths.com.au/shop/productdetails/370227",
    "img": "https://cdn0.woolworths.media/content/wowproductimages/medium/370227.jpg",
    "price": 4.6,
    "quantity": 0.42,
    "unitPrice": 11
  },
  {
    "name": "La Zuppa Microwave Soup Chicken Noodle Chicken Noodle",
    "url": "https://www.woolworths.com.au/shop/productdetails/782291",
    "img": "https://cdn0.woolworths.media/content/wowproductimages/medium/782291.jpg",
    "price": 4.6,
    "quantity": 0.42,
    "unitPrice": 11
  },
  {
    "name": "La Zuppa Microwave Soup Pumpkin Pumpkin",
    "url": "https://www.woolworths.com.au/shop/productdetails/297729",
    "img": "https://cdn0.woolworths.media/content/wowproductimages/medium/297729.jpg",
    "price": 4.6,
    "quantity": 0.42,
    "unitPrice": 11
  },
  {
    "name": "La Zuppa Soup Pouch Chicken & Sweetcorn",
    "url": "https://www.woolworths.com.au/shop/productdetails/198091",
    "img": "https://cdn0.woolworths.media/content/wowproductimages/medium/198091.jpg",
    "price": 5.5,
    "quantity": 0.5,
    "unitPrice": 11
  },
  {
    "name": "La Zuppa Microwave Soup Thai Style Curry Laksa",
    "url": "https://www.woolworths.com.au/shop/productdetails/782301",
    "img": "https://cdn0.woolworths.media/content/wowproductimages/medium/782301.jpg",
    "price": 4.6,
    "quantity": 0.42,
    "unitPrice": 11
  },
  {
    "name": "La Zuppa Soup Pouch Tomato, Capsicum & Basil",
    "url": "https://www.woolworths.com.au/shop/productdetails/201339",
    "img": "https://cdn0.woolworths.media/content/wowproductimages/medium/201339.jpg",
    "price": 5.5,
    "quantity": 0.5,
    "unitPrice": 11
  },
  {
    "name": "La Zuppa Minestrone",
    "url": "https://www.woolworths.com.au/shop/productdetails/278499",
    "img": "https://cdn0.woolworths.media/content/wowproductimages/medium/278499.jpg",
    "price": 5.5,
    "quantity": 0.5,
    "unitPrice": 11
  },
  {
    "name": "Just Veg. Carrot Sticks",
    "url": "https://www.woolworths.com.au/shop/productdetails/921080",
    "img": "https://cdn0.woolworths.media/content/wowproductimages/medium/921080.jpg",
    "price": 3.3,
    "quantity": 0.3,
    "unitPrice": 11
  },
  {
    "name": "Woolworths Cook Roast Mixed Vegetables With Garlic & Rosemary",
    "url": "https://www.woolworths.com.au/shop/productdetails/583615",
    "img": "https://cdn0.woolworths.media/content/wowproductimages/medium/583615.jpg",
    "price": 5.5,
    "quantity": 0.5,
    "unitPrice": 11
  },
  {
    "name": "Just Veg. Carrot Shred",
    "url": "https://www.woolworths.com.au/shop/productdetails/921142",
    "img": "https://cdn0.woolworths.media/content/wowproductimages/medium/921142.jpg",
    "price": 3.3,
    "quantity": 0.3,
    "unitPrice": 11
  },
  {
    "name": "Woolworths Parmesan Crumbed Potatoes",
    "url": "https://www.woolworths.com.au/shop/productdetails/79987",
    "img": "https://cdn0.woolworths.media/content/wowproductimages/medium/079987.jpg",
    "price": 5.5,
    "quantity": 0.5,
    "unitPrice": 11
  },
  {
    "name": "San Remo Gluten Free Gnocchi",
    "url": "https://www.woolworths.com.au/shop/productdetails/116403",
    "img": "https://cdn0.woolworths.media/content/wowproductimages/medium/116403.jpg",
    "price": 5.5,
    "quantity": 0.5,
    "unitPrice": 11
  },
  {
    "name": "Macro Organic Microwave Brown Rice & Riceberry",
    "url": "https://www.woolworths.com.au/shop/productdetails/174909",
    "img": "https://cdn0.woolworths.media/content/wowproductimages/medium/174909.jpg",
    "price": 2.75,
    "quantity": 0.25,
    "unitPrice": 11
  },
  {
    "name": "Macro Organic Microwave Brown Rice Middle Eastern Style",
    "url": "https://www.woolworths.com.au/shop/productdetails/174950",
    "img": "https://cdn0.woolworths.media/content/wowproductimages/medium/174950.jpg",
    "price": 2.75,
    "quantity": 0.25,
    "unitPrice": 11
  },
  {
    "name": "Macro Organic Australian Hulled Millet",
    "url": "https://www.woolworths.com.au/shop/productdetails/133477",
    "img": "https://cdn0.woolworths.media/content/wowproductimages/medium/133477.jpg",
    "price": 5.5,
    "quantity": 0.5,
    "unitPrice": 11
  },
  {
    "name": "La Molisana Pastificio Extra Di Lusso Fusilloni Superiori",
    "url": "https://www.woolworths.com.au/shop/productdetails/74792",
    "img": "https://cdn0.woolworths.media/content/wowproductimages/medium/074792.jpg",
    "price": 5.5,
    "quantity": 0.5,
    "unitPrice": 11
  },
  {
    "name": "Woolworths Beef Mince",
    "url": "https://www.woolworths.com.au/shop/productdetails/577864",
    "img": "https://cdn0.woolworths.media/content/wowproductimages/medium/577864.jpg",
    "price": 11,
    "quantity": 1,
    "unitPrice": 11
  },
  {
    "name": "Woolworths Aussie Beef Gluten Free Sausage Mince",
    "url": "https://www.woolworths.com.au/shop/productdetails/109099",
    "img": "https://cdn0.woolworths.media/content/wowproductimages/medium/109099.jpg",
    "price": 5.5,
    "quantity": 0.5,
    "unitPrice": 11
  },
  {
    "name": "Woolworths Chicken Mince",
    "url": "https://www.woolworths.com.au/shop/productdetails/360563",
    "img": "https://cdn0.woolworths.media/content/wowproductimages/medium/360563.jpg",
    "price": 5.5,
    "quantity": 0.5,
    "unitPrice": 11
  },
  {
    "name": "Woolworths Pork Leg Roast Boneless Boneless Small",
    "url": "https://www.woolworths.com.au/shop/productdetails/764527",
    "img": "https://cdn0.woolworths.media/content/wowproductimages/medium/764527.jpg",
    "price": 28.6,
    "quantity": 2.6,
    "unitPrice": 11
  },
  {
    "name": "Green's Pancake Mix Original Shake",
    "url": "https://www.woolworths.com.au/shop/productdetails/57420",
    "img": "https://cdn0.woolworths.media/content/wowproductimages/medium/057420.jpg",
    "price": 2.2,
    "quantity": 0.2,
    "unitPrice": 11
  },
  {
    "name": "Farmers Co. Bush Foods Breakfast Cereal",
    "url": "https://www.woolworths.com.au/shop/productdetails/170793",
    "img": "https://cdn0.woolworths.media/content/wowproductimages/medium/170793.jpg",
    "price": 5.5,
    "quantity": 0.5,
    "unitPrice": 11
  },
  {
    "name": "Vegeta Vegetable Gourmet Stock Powder",
    "url": "https://www.woolworths.com.au/shop/productdetails/21724",
    "img": "https://cdn0.woolworths.media/content/wowproductimages/medium/021724.jpg",
    "price": 2.8,
    "quantity": 0.25,
    "unitPrice": 11
  },
  {
    "name": "Masterfoods Hot Chilli Sauce",
    "url": "https://www.woolworths.com.au/shop/productdetails/142142",
    "img": "https://cdn0.woolworths.media/content/wowproductimages/medium/142142.jpg",
    "price": 2.75,
    "quantity": 0.25,
    "unitPrice": 11
  },
  {
    "name": "Holbrooks Sauce Worcestershire",
    "url": "https://www.woolworths.com.au/shop/productdetails/37774",
    "img": "https://cdn0.woolworths.media/content/wowproductimages/medium/037774.jpg",
    "price": 5.5,
    "quantity": 0.5,
    "unitPrice": 11
  },
  {
    "name": "Maggie Beer Natural Chicken Stock",
    "url": "https://www.woolworths.com.au/shop/productdetails/678720",
    "img": "https://cdn0.woolworths.media/content/wowproductimages/medium/678720.jpg",
    "price": 5.5,
    "quantity": 0.5,
    "unitPrice": 11
  },
  {
    "name": "Leggo's Organic Tomato Paste Concentrate",
    "url": "https://www.woolworths.com.au/shop/productdetails/88323",
    "img": "https://cdn0.woolworths.media/content/wowproductimages/medium/088323.jpg",
    "price": 5.5,
    "quantity": 0.5,
    "unitPrice": 11
  },
  {
    "name": "Maggie Beer Natural Vegetable Stock",
    "url": "https://www.woolworths.com.au/shop/productdetails/678699",
    "img": "https://cdn0.woolworths.media/content/wowproductimages/medium/678699.jpg",
    "price": 5.5,
    "quantity": 0.5,
    "unitPrice": 11
  },
  {
    "name": "Maggie Beer Natural Beef Stock",
    "url": "https://www.woolworths.com.au/shop/productdetails/678536",
    "img": "https://cdn0.woolworths.media/content/wowproductimages/medium/678536.jpg",
    "price": 5.5,
    "quantity": 0.5,
    "unitPrice": 11
  },
  {
    "name": "White Wings Banana Muffin",
    "url": "https://www.woolworths.com.au/shop/productdetails/577127",
    "img": "https://cdn0.woolworths.media/content/wowproductimages/medium/577127.jpg",
    "price": 5,
    "quantity": 0.455,
    "unitPrice": 11
  },
  {
    "name": "Green's Pancake Mix Original Shake",
    "url": "https://www.woolworths.com.au/shop/productdetails/57420",
    "img": "https://cdn0.woolworths.media/content/wowproductimages/medium/057420.jpg",
    "price": 2.2,
    "quantity": 0.2,
    "unitPrice": 11
  },
  {
    "name": "Woolworths Sesame Seeds",
    "url": "https://www.woolworths.com.au/shop/productdetails/501762",
    "img": "https://cdn0.woolworths.media/content/wowproductimages/medium/501762.jpg",
    "price": 1.1,
    "quantity": 0.1,
    "unitPrice": 11
  },
  {
    "name": "Mckenzie's Coconut Fine Desiccated",
    "url": "https://www.woolworths.com.au/shop/productdetails/28708",
    "img": "https://cdn0.woolworths.media/content/wowproductimages/medium/028708.jpg",
    "price": 2.75,
    "quantity": 0.25,
    "unitPrice": 11
  },
  {
    "name": "Angas Park Pitted Dates",
    "url": "https://www.woolworths.com.au/shop/productdetails/205470",
    "img": "https://cdn0.woolworths.media/content/wowproductimages/medium/205470.jpg",
    "price": 5.5,
    "quantity": 0.5,
    "unitPrice": 11
  },
  {
    "name": "Sunbeam Mixed Fruit",
    "url": "https://www.woolworths.com.au/shop/productdetails/33833",
    "img": "https://cdn0.woolworths.media/content/wowproductimages/medium/033833.jpg",
    "price": 11,
    "quantity": 1,
    "unitPrice": 11
  },
  {
    "name": "Wiggles Yoghurt Pouch Blueberry",
    "url": "https://www.coles.com.au/product/brownes-dairy-wiggles-yoghurt-pouch-blueberry-90g-6623356",
    "img": "https://productimages.coles.com.au/productimages/6/6623356.jpg",
    "price": 1,
    "quantity": 0.09,
    "unitPrice": 11.1
  },
  {
    "name": "Wiggles Yoghurt Pouch Mango",
    "url": "https://www.coles.com.au/product/brownes-dairy-wiggles-yoghurt-pouch-mango-90g-6623367",
    "img": "https://productimages.coles.com.au/productimages/6/6623367.jpg",
    "price": 1,
    "quantity": 0.09,
    "unitPrice": 11.1
  },
  {
    "name": "Wiggles Yoghurt Pouch Strawberry",
    "url": "https://www.coles.com.au/product/brownes-dairy-wiggles-yoghurt-pouch-strawberry-90g-6623378",
    "img": "https://productimages.coles.com.au/productimages/6/6623378.jpg",
    "price": 1,
    "quantity": 0.09,
    "unitPrice": 11.1
  },
  {
    "name": "Wiggles Yoghurt Pouch Vanilla",
    "url": "https://www.coles.com.au/product/brownes-dairy-wiggles-yoghurt-pouch-vanilla-90g-6623389",
    "img": "https://productimages.coles.com.au/productimages/6/6623389.jpg",
    "price": 1,
    "quantity": 0.09,
    "unitPrice": 11.1
  },
  {
    "name": "Perform Build Chicken Minestrone Soup",
    "url": "https://www.coles.com.au/product/coles-perform-build-chicken-minestrone-soup-450g-6009904",
    "img": "https://productimages.coles.com.au/productimages/6/6009904.jpg",
    "price": 5,
    "quantity": 0.45,
    "unitPrice": 11.1
  },
  {
    "name": "Organic Coconut Yoghurt Vanilla Bean",
    "url": "https://www.coles.com.au/product/coyo-organic-coconut-yoghurt-vanilla-bean-900g-4333333",
    "img": "https://productimages.coles.com.au/productimages/4/4333333.jpg",
    "price": 10,
    "quantity": 0.9,
    "unitPrice": 11.1
  },
  {
    "name": "Organic Coconut Yoghurt Natural",
    "url": "https://www.coles.com.au/product/coyo-organic-coconut-yoghurt-natural-900g-5303611",
    "img": "https://productimages.coles.com.au/productimages/5/5303611.jpg",
    "price": 10,
    "quantity": 0.9,
    "unitPrice": 11.1
  },
  {
    "name": "Kitchen Plain Naan 2",
    "url": "https://www.coles.com.au/product/coles-kitchen-plain-naan-2-350g-3769967",
    "img": "https://productimages.coles.com.au/productimages/3/3769967.jpg",
    "price": 3.9,
    "quantity": 0.35,
    "unitPrice": 11.1
  },
  {
    "name": "Soft & Fluffy Wrap 12 pack",
    "url": "https://www.coles.com.au/product/mission-soft-&-fluffy-wrap-12-pack-450g-2471234",
    "img": "https://productimages.coles.com.au/productimages/2/2471234.jpg",
    "price": 5,
    "quantity": 0.45,
    "unitPrice": 11.1
  },
  {
    "name": "Soft & Fluffy Butter Wrap 12 pack",
    "url": "https://www.coles.com.au/product/mission-soft-&-fluffy-butter-wrap-12-pack-450g-5862475",
    "img": "https://productimages.coles.com.au/productimages/5/5862475.jpg",
    "price": 5,
    "quantity": 0.45,
    "unitPrice": 11.1
  },
  {
    "name": "Milk Rusk Biscotte",
    "url": "https://www.coles.com.au/product/britannia-milk-rusk-biscotte-560g-2154990",
    "img": "https://productimages.coles.com.au/productimages/2/2154990.jpg",
    "price": 6.2,
    "quantity": 0.56,
    "unitPrice": 11.1
  },
  {
    "name": "Triangles Spinach Cheese",
    "url": "https://www.coles.com.au/product/borg's-triangles-spinach-cheese-360g-9319680",
    "img": "https://productimages.coles.com.au/productimages/9/9319680.jpg",
    "price": 4,
    "quantity": 0.36,
    "unitPrice": 11.1
  },
  {
    "name": "Triangles Feta",
    "url": "https://www.coles.com.au/product/borg's-triangles-feta-360g-9319715",
    "img": "https://productimages.coles.com.au/productimages/9/9319715.jpg",
    "price": 4,
    "quantity": 0.36,
    "unitPrice": 11.1
  },
  {
    "name": "Frozen Golden & Crispy Snack Apple Pies",
    "url": "https://www.coles.com.au/product/nanna's-frozen-golden-&-crispy-snack-apple-pies-450g-2266246",
    "img": "https://productimages.coles.com.au/productimages/2/2266246.jpg",
    "price": 5,
    "quantity": 0.45,
    "unitPrice": 11.1
  },
  {
    "name": "Frozen Blackberry & Apple Pies 4 pack",
    "url": "https://www.coles.com.au/product/nanna's-frozen-blackberry-&-apple-pies-4-pack-450g-5006547",
    "img": "https://productimages.coles.com.au/productimages/5/5006547.jpg",
    "price": 5,
    "quantity": 0.45,
    "unitPrice": 11.1
  },
  {
    "name": "Meat Free Pie",
    "url": "https://www.coles.com.au/product/four-n-twenty-meat-free-pie-175g-3736040",
    "img": "https://productimages.coles.com.au/productimages/3/3736040.jpg",
    "price": 1.95,
    "quantity": 0.175,
    "unitPrice": 11.1
  },
  {
    "name": "Australian Beer Nuts",
    "url": "https://www.coles.com.au/product/market-lane-australian-beer-nuts-900g-6744135",
    "img": "https://productimages.coles.com.au/productimages/6/6744135.jpg",
    "price": 10,
    "quantity": 0.9,
    "unitPrice": 11.11
  },
  {
    "name": "Macro Organic Chopped Spinach Leaf Portions",
    "url": "https://www.woolworths.com.au/shop/productdetails/817500",
    "img": "https://cdn0.woolworths.media/content/wowproductimages/medium/817500.jpg",
    "price": 5,
    "quantity": 0.45,
    "unitPrice": 11.11
  },
  {
    "name": "Macro Organic Chopped Kale Portions",
    "url": "https://www.woolworths.com.au/shop/productdetails/817501",
    "img": "https://cdn0.woolworths.media/content/wowproductimages/medium/817501.jpg",
    "price": 5,
    "quantity": 0.45,
    "unitPrice": 11.11
  },
  {
    "name": "Macro Organic Peas",
    "url": "https://www.woolworths.com.au/shop/productdetails/817503",
    "img": "https://cdn0.woolworths.media/content/wowproductimages/medium/817503.jpg",
    "price": 5,
    "quantity": 0.45,
    "unitPrice": 11.11
  },
  {
    "name": "Macro Organic Corn Kernels",
    "url": "https://www.woolworths.com.au/shop/productdetails/817502",
    "img": "https://cdn0.woolworths.media/content/wowproductimages/medium/817502.jpg",
    "price": 5,
    "quantity": 0.45,
    "unitPrice": 11.11
  },
  {
    "name": "Naked Life Mango Betta Boba Iced Bubble Tea Can",
    "url": "https://www.woolworths.com.au/shop/productdetails/218811",
    "img": "https://cdn0.woolworths.media/content/wowproductimages/medium/218811.jpg",
    "price": 3.5,
    "quantity": 0.315,
    "unitPrice": 11.11
  },
  {
    "name": "Naked Life Brown Sugar Betta Boba Milk Bubble Tea Can",
    "url": "https://www.woolworths.com.au/shop/productdetails/219804",
    "img": "https://cdn0.woolworths.media/content/wowproductimages/medium/219804.jpg",
    "price": 3.5,
    "quantity": 0.315,
    "unitPrice": 11.11
  },
  {
    "name": "Naked Life Peach Betta Bobo Iced Bubble Tea Can",
    "url": "https://www.woolworths.com.au/shop/productdetails/219676",
    "img": "https://cdn0.woolworths.media/content/wowproductimages/medium/219676.jpg",
    "price": 3.5,
    "quantity": 0.315,
    "unitPrice": 11.11
  },
  {
    "name": "Naked Life Original Betta Bobo Milk Bubble Tea Can",
    "url": "https://www.woolworths.com.au/shop/productdetails/219286",
    "img": "https://cdn0.woolworths.media/content/wowproductimages/medium/219286.jpg",
    "price": 3.5,
    "quantity": 0.315,
    "unitPrice": 11.11
  },
  {
    "name": "Kialla Pure Kialla Organic Stoneground Wholegrain Plain Flour",
    "url": "https://www.woolworths.com.au/shop/productdetails/203811",
    "img": "https://cdn0.woolworths.media/content/wowproductimages/medium/203811.jpg",
    "price": 5,
    "quantity": 0.45,
    "unitPrice": 11.11
  },
  {
    "name": "Carrot Loaf Cake",
    "url": "https://www.coles.com.au/product/coles-carrot-loaf-cake-500g-1311414",
    "img": "https://productimages.coles.com.au/productimages/1/1311414.jpg",
    "price": 5.6,
    "quantity": 0.5,
    "unitPrice": 11.2
  },
  {
    "name": "Mixed Berry & Coconut Loaf",
    "url": "https://www.coles.com.au/product/coles-mixed-berry-&-coconut-loaf-500g-5055510",
    "img": "https://productimages.coles.com.au/productimages/5/5055510.jpg",
    "price": 5.6,
    "quantity": 0.5,
    "unitPrice": 11.2
  },
  {
    "name": "Peri Peri Wrap",
    "url": "https://www.coles.com.au/product/helga's-peri-peri-wrap-445g-6823560",
    "img": "https://productimages.coles.com.au/productimages/6/6823560.jpg",
    "price": 5,
    "quantity": 0.445,
    "unitPrice": 11.2
  },
  {
    "name": "Mexican Nacho Spice Wrap",
    "url": "https://www.coles.com.au/product/helga's-mexican-nacho-spice-wrap-445g-6823592",
    "img": "https://productimages.coles.com.au/productimages/6/6823592.jpg",
    "price": 5,
    "quantity": 0.445,
    "unitPrice": 11.2
  },
  {
    "name": "Gluten Free Apple & Cinnamon Muffin Mix",
    "url": "https://www.coles.com.au/product/green's-gluten-free-apple-&-cinnamon-muffin-mix-385g-6063820",
    "img": "https://productimages.coles.com.au/productimages/6/6063820.jpg",
    "price": 4.3,
    "quantity": 0.385,
    "unitPrice": 11.2
  },
  {
    "name": "Dried Pitted Dates",
    "url": "https://www.coles.com.au/product/trident-dried-pitted-dates-250g-5771937",
    "img": "https://productimages.coles.com.au/productimages/5/5771937.jpg",
    "price": 2.8,
    "quantity": 0.25,
    "unitPrice": 11.2
  },
  {
    "name": "Hazelnut Chocolate Spread",
    "url": "https://www.coles.com.au/product/nutella-hazelnut-chocolate-spread-750g-6690772",
    "img": "https://productimages.coles.com.au/productimages/6/6690772.jpg",
    "price": 8.4,
    "quantity": 0.75,
    "unitPrice": 11.2
  },
  {
    "name": "Hot And Sweet Sauce",
    "url": "https://www.coles.com.au/product/maggi-hot-and-sweet-sauce-340ml-4320488",
    "img": "https://productimages.coles.com.au/productimages/4/4320488.jpg",
    "price": 3.8,
    "quantity": 0.34,
    "unitPrice": 11.2
  },
  {
    "name": "Hazelnut Chocolate Spread",
    "url": "https://www.coles.com.au/product/nutella-hazelnut-chocolate-spread-750g-6690772",
    "img": "https://productimages.coles.com.au/productimages/6/6690772.jpg",
    "price": 8.4,
    "quantity": 0.75,
    "unitPrice": 11.2
  },
  {
    "name": "Frozen Chopped Spinach",
    "url": "https://www.coles.com.au/product/birds-eye-frozen-chopped-spinach-250g-7562111",
    "img": "https://productimages.coles.com.au/productimages/7/7562111.jpg",
    "price": 2.8,
    "quantity": 0.25,
    "unitPrice": 11.2
  },
  {
    "name": "Edgell Corn Kernels",
    "url": "https://www.woolworths.com.au/shop/productdetails/114170",
    "img": "https://cdn0.woolworths.media/content/wowproductimages/medium/114170.jpg",
    "price": 1.4,
    "quantity": 0.125,
    "unitPrice": 11.2
  },
  {
    "name": "Manning Valley 12 Large Free Range Eggs",
    "url": "https://www.woolworths.com.au/shop/productdetails/313898",
    "img": "https://cdn0.woolworths.media/content/wowproductimages/medium/313898.jpg",
    "price": 6.7,
    "quantity": 0.6,
    "unitPrice": 11.2
  },
  {
    "name": "Edgell Corn Kernels",
    "url": "https://www.woolworths.com.au/shop/productdetails/114170",
    "img": "https://cdn0.woolworths.media/content/wowproductimages/medium/114170.jpg",
    "price": 1.4,
    "quantity": 0.125,
    "unitPrice": 11.2
  },
  {
    "name": "Praise Tartare Sauce",
    "url": "https://www.woolworths.com.au/shop/productdetails/785763",
    "img": "https://cdn0.woolworths.media/content/wowproductimages/medium/785763.jpg",
    "price": 2.8,
    "quantity": 0.25,
    "unitPrice": 11.2
  },
  {
    "name": "Amoy White Rice Wine Vinegar",
    "url": "https://www.woolworths.com.au/shop/productdetails/627085",
    "img": "https://cdn0.woolworths.media/content/wowproductimages/medium/627085.jpg",
    "price": 2.8,
    "quantity": 0.25,
    "unitPrice": 11.2
  },
  {
    "name": "Fountain Soy Sauce",
    "url": "https://www.woolworths.com.au/shop/productdetails/53866",
    "img": "https://cdn0.woolworths.media/content/wowproductimages/medium/053866.jpg",
    "price": 2.8,
    "quantity": 0.25,
    "unitPrice": 11.2
  },
  {
    "name": "Fountain Sweet Chilli Sauce",
    "url": "https://www.woolworths.com.au/shop/productdetails/47106",
    "img": "https://cdn0.woolworths.media/content/wowproductimages/medium/047106.jpg",
    "price": 2.8,
    "quantity": 0.25,
    "unitPrice": 11.2
  },
  {
    "name": "Fountain Satay Sauce",
    "url": "https://www.woolworths.com.au/shop/productdetails/54778",
    "img": "https://cdn0.woolworths.media/content/wowproductimages/medium/054778.jpg",
    "price": 2.8,
    "quantity": 0.25,
    "unitPrice": 11.2
  },
  {
    "name": "Fountain Steak Sauce",
    "url": "https://www.woolworths.com.au/shop/productdetails/34444",
    "img": "https://cdn0.woolworths.media/content/wowproductimages/medium/034444.jpg",
    "price": 2.8,
    "quantity": 0.25,
    "unitPrice": 11.2
  },
  {
    "name": "Fountain Spicy Red Sauce Sauce",
    "url": "https://www.woolworths.com.au/shop/productdetails/34442",
    "img": "https://cdn0.woolworths.media/content/wowproductimages/medium/034442.jpg",
    "price": 2.8,
    "quantity": 0.25,
    "unitPrice": 11.2
  },
  {
    "name": "Fountain Plum Sauce Sauce",
    "url": "https://www.woolworths.com.au/shop/productdetails/720125",
    "img": "https://cdn0.woolworths.media/content/wowproductimages/medium/720125.jpg",
    "price": 2.8,
    "quantity": 0.25,
    "unitPrice": 11.2
  },
  {
    "name": "Fountain Hot Chilli Sauce",
    "url": "https://www.woolworths.com.au/shop/productdetails/53869",
    "img": "https://cdn0.woolworths.media/content/wowproductimages/medium/053869.jpg",
    "price": 2.8,
    "quantity": 0.25,
    "unitPrice": 11.2
  },
  {
    "name": "Fountain Soy And Honey Sauce Sauce",
    "url": "https://www.woolworths.com.au/shop/productdetails/757750",
    "img": "https://cdn0.woolworths.media/content/wowproductimages/medium/757750.jpg",
    "price": 2.8,
    "quantity": 0.25,
    "unitPrice": 11.2
  },
  {
    "name": "Praise Seafood Sauce",
    "url": "https://www.woolworths.com.au/shop/productdetails/785764",
    "img": "https://cdn0.woolworths.media/content/wowproductimages/medium/785764.jpg",
    "price": 2.8,
    "quantity": 0.25,
    "unitPrice": 11.2
  },
  {
    "name": "Green's Gluten Free Apple & Cinnamon Muffin Mix",
    "url": "https://www.woolworths.com.au/shop/productdetails/282615",
    "img": "https://cdn0.woolworths.media/content/wowproductimages/medium/282615.jpg",
    "price": 4.3,
    "quantity": 0.385,
    "unitPrice": 11.2
  },
  {
    "name": "Macro Dried Mixed Fruit",
    "url": "https://www.woolworths.com.au/shop/productdetails/89724",
    "img": "https://cdn0.woolworths.media/content/wowproductimages/medium/089724.jpg",
    "price": 11.2,
    "quantity": 1,
    "unitPrice": 11.2
  },
  {
    "name": "Corn Cobettes",
    "url": "https://www.coles.com.au/product/coles-corn-cobettes-400g-4150570",
    "img": "https://productimages.coles.com.au/productimages/4/4150570.jpg",
    "price": 4.5,
    "quantity": 0.4,
    "unitPrice": 11.25
  },
  {
    "name": "Kitchen Classic Pasta Salad",
    "url": "https://www.coles.com.au/product/coles-kitchen-classic-pasta-salad-400g-5503494",
    "img": "https://productimages.coles.com.au/productimages/5/5503494.jpg",
    "price": 4.5,
    "quantity": 0.4,
    "unitPrice": 11.25
  },
  {
    "name": "Kitchen Classic Coleslaw Salad",
    "url": "https://www.coles.com.au/product/coles-kitchen-classic-coleslaw-salad-400g-5504613",
    "img": "https://productimages.coles.com.au/productimages/5/5504613.jpg",
    "price": 4.5,
    "quantity": 0.4,
    "unitPrice": 11.25
  },
  {
    "name": "Kitchen Classic Potato Salad",
    "url": "https://www.coles.com.au/product/coles-kitchen-classic-potato-salad-400g-5508024",
    "img": "https://productimages.coles.com.au/productimages/5/5508024.jpg",
    "price": 4.5,
    "quantity": 0.4,
    "unitPrice": 11.25
  },
  {
    "name": "Kitchen Vegetables Baby Potatoes Herb Butter",
    "url": "https://www.coles.com.au/product/coles-kitchen-vegetables-baby-potatoes-herb-butter-400g-8164806",
    "img": "https://productimages.coles.com.au/productimages/8/8164806.jpg",
    "price": 4.5,
    "quantity": 0.4,
    "unitPrice": 11.25
  },
  {
    "name": "Roasted And Salted Peanuts And Cashews",
    "url": "https://www.coles.com.au/product/coles-roasted-and-salted-peanuts-and-cashews-800g-2742513",
    "img": "https://productimages.coles.com.au/productimages/2/2742513.jpg",
    "price": 9,
    "quantity": 0.8,
    "unitPrice": 11.25
  },
  {
    "name": "Mukimake Shelled Soybeans",
    "url": "https://www.coles.com.au/product/hanabi-mukimake-shelled-soybeans-400g-3243439",
    "img": "https://productimages.coles.com.au/productimages/3/3243439.jpg",
    "price": 4.5,
    "quantity": 0.4,
    "unitPrice": 11.25
  },
  {
    "name": "Woolworths Cook Simmer Veggie Mix",
    "url": "https://www.woolworths.com.au/shop/productdetails/218235",
    "img": "https://cdn0.woolworths.media/content/wowproductimages/medium/218235.jpg",
    "price": 4.5,
    "quantity": 0.4,
    "unitPrice": 11.25
  },
  {
    "name": "Macro Dried Mixed Fruit",
    "url": "https://www.woolworths.com.au/shop/productdetails/89727",
    "img": "https://cdn0.woolworths.media/content/wowproductimages/medium/089727.jpg",
    "price": 4.5,
    "quantity": 0.4,
    "unitPrice": 11.25
  },
  {
    "name": "Remano Extra Virgin Olive Oil",
    "url": "https://www.aldi.com.au/en/groceries/pantry/olive-oil/olive-oil-detail/ps/p/remano-extra-virgin-olive-oil-750ml/",
    "img": "https://www.aldi.com.au/fileadmin/_processed_/8/5/csm_1001829-1_Q1-WEB-AUDIT_OLIVE-OIL_1x1_228x128_7_RET_07ad953871.png",
    "price": 8.49,
    "quantity": 0.751,
    "unitPrice": 11.3
  },
  {
    "name": "Garlic Bread",
    "url": "https://www.coles.com.au/product/la-famiglia-garlic-bread-400g-6146213",
    "img": "https://productimages.coles.com.au/productimages/6/6146213.jpg",
    "price": 4.5,
    "quantity": 0.4,
    "unitPrice": 11.3
  },
  {
    "name": "Yoghurt Apple Rhubarb",
    "url": "https://www.coles.com.au/product/gippsland-dairy-yoghurt-apple-rhubarb-700g-1204130",
    "img": "https://productimages.coles.com.au/productimages/1/1204130.jpg",
    "price": 7.9,
    "quantity": 0.7,
    "unitPrice": 11.3
  },
  {
    "name": "Toffee & Honeycomb Twist Yoghurt",
    "url": "https://www.coles.com.au/product/gippsland-dairy-toffee-&-honeycomb-twist-yoghurt-700g-1872900",
    "img": "https://productimages.coles.com.au/productimages/1/1872900.jpg",
    "price": 7.9,
    "quantity": 0.7,
    "unitPrice": 11.3
  },
  {
    "name": "Boysenberry Twist Yoghurt",
    "url": "https://www.coles.com.au/product/gippsland-dairy-boysenberry-twist-yoghurt-700g-2975045",
    "img": "https://productimages.coles.com.au/productimages/2/2975045.jpg",
    "price": 7.9,
    "quantity": 0.7,
    "unitPrice": 11.3
  },
  {
    "name": "Strawberry Cream Twist Yoghurt",
    "url": "https://www.coles.com.au/product/gippsland-dairy-strawberry-cream-twist-yoghurt-700g-3721971",
    "img": "https://productimages.coles.com.au/productimages/3/3721971.jpg",
    "price": 7.9,
    "quantity": 0.7,
    "unitPrice": 11.3
  },
  {
    "name": "Valley Free Range Eggs 12 Pack",
    "url": "https://www.coles.com.au/product/moorabool-valley-free-range-eggs-12-pack-700g-5331424",
    "img": "https://productimages.coles.com.au/productimages/5/5331424.jpg",
    "price": 7.9,
    "quantity": 0.7,
    "unitPrice": 11.3
  },
  {
    "name": "Yogurt Mixed Berry",
    "url": "https://www.coles.com.au/product/gippsland-dairy-yogurt-mixed-berry-700g-5939219",
    "img": "https://productimages.coles.com.au/productimages/5/5939219.jpg",
    "price": 7.9,
    "quantity": 0.7,
    "unitPrice": 11.3
  },
  {
    "name": "Smooth & Creamy Twist Yoghurt",
    "url": "https://www.coles.com.au/product/gippsland-dairy-smooth-&-creamy-twist-yoghurt-700g-6560008",
    "img": "https://productimages.coles.com.au/productimages/6/6560008.jpg",
    "price": 7.9,
    "quantity": 0.7,
    "unitPrice": 11.3
  },
  {
    "name": "Blueberry Twist Yoghurt",
    "url": "https://www.coles.com.au/product/gippsland-dairy-blueberry-twist-yoghurt-700g-6941577",
    "img": "https://productimages.coles.com.au/productimages/6/6941577.jpg",
    "price": 7.9,
    "quantity": 0.7,
    "unitPrice": 11.3
  },
  {
    "name": "Passionfruit Twist Yoghurt",
    "url": "https://www.coles.com.au/product/gippsland-dairy-passionfruit-twist-yoghurt-700g-7470487",
    "img": "https://productimages.coles.com.au/productimages/7/7470487.jpg",
    "price": 7.9,
    "quantity": 0.7,
    "unitPrice": 11.3
  },
  {
    "name": "Mango & Blood Orange Twist Yoghurt",
    "url": "https://www.coles.com.au/product/gippsland-dairy-mango-&-blood-orange-twist-yoghurt-700g-8871723",
    "img": "https://productimages.coles.com.au/productimages/8/8871723.jpg",
    "price": 7.9,
    "quantity": 0.7,
    "unitPrice": 11.3
  },
  {
    "name": "Cheesy Garlic Bread",
    "url": "https://www.coles.com.au/product/la-famiglia-cheesy-garlic-bread-460g-5551941",
    "img": "https://productimages.coles.com.au/productimages/5/5551941.jpg",
    "price": 5.2,
    "quantity": 0.46,
    "unitPrice": 11.3
  },
  {
    "name": "Thickened Cream",
    "url": "https://www.coles.com.au/product/dairy-farmers-thickened-cream-300ml-5138490",
    "img": "https://productimages.coles.com.au/productimages/5/5138490.jpg",
    "price": 3.4,
    "quantity": 0.3,
    "unitPrice": 11.3
  },
  {
    "name": "Free Range Large Eggs 12 pack",
    "url": "https://www.coles.com.au/product/sunny-queen-free-range-large-eggs-12-pack-600g-5417778",
    "img": "https://productimages.coles.com.au/productimages/5/5417778.jpg",
    "price": 6.8,
    "quantity": 0.6,
    "unitPrice": 11.3
  },
  {
    "name": "Cupcake Mixes Cookie & Cream",
    "url": "https://www.coles.com.au/product/green's-cupcake-mixes-cookie-&-cream-380g-2281272",
    "img": "https://productimages.coles.com.au/productimages/2/2281272.jpg",
    "price": 4.3,
    "quantity": 0.38,
    "unitPrice": 11.3
  },
  {
    "name": "Weet Bix Breakfast Cereal Little Kids Essentials",
    "url": "https://www.coles.com.au/product/sanitarium-weet-bix-breakfast-cereal-little-kids-essentials-400g-4233292",
    "img": "https://productimages.coles.com.au/productimages/4/4233292.jpg",
    "price": 4.5,
    "quantity": 0.4,
    "unitPrice": 11.3
  },
  {
    "name": "Wheat Free Rolled Oats",
    "url": "https://www.coles.com.au/product/red-tractor-wheat-free-rolled-oats-600g-3897399",
    "img": "https://productimages.coles.com.au/productimages/3/3897399.jpg",
    "price": 6.8,
    "quantity": 0.6,
    "unitPrice": 11.3
  },
  {
    "name": "Simply Crunchy Oat Granola",
    "url": "https://www.coles.com.au/product/jordans-simply-crunchy-oat-granola-750g-2499255",
    "img": "https://productimages.coles.com.au/productimages/2/2499255.jpg",
    "price": 8.5,
    "quantity": 0.75,
    "unitPrice": 11.3
  },
  {
    "name": "French Onion Soup",
    "url": "https://www.coles.com.au/product/coles-french-onion-soup-40g-129619",
    "img": "https://productimages.coles.com.au/productimages/1/129619.jpg",
    "price": 0.45,
    "quantity": 0.04,
    "unitPrice": 11.3
  },
  {
    "name": "Kitchen Canned Soup Organic Mushroom Bisque",
    "url": "https://www.coles.com.au/product/amys-kitchen-canned-soup-organic-mushroom-bisque-391g-4801431",
    "img": "https://productimages.coles.com.au/productimages/4/4801431.jpg",
    "price": 4.4,
    "quantity": 0.391,
    "unitPrice": 11.3
  },
  {
    "name": "2 Minute Beef Flavour Noodles 12 Pack",
    "url": "https://www.coles.com.au/product/maggi-2-minute-beef-flavour-noodles-12-pack-888g-1616637",
    "img": "https://productimages.coles.com.au/productimages/1/1616637.jpg",
    "price": 10,
    "quantity": 0.888,
    "unitPrice": 11.3
  },
  {
    "name": "French Onion Soup",
    "url": "https://www.coles.com.au/product/coles-french-onion-soup-40g-129619",
    "img": "https://productimages.coles.com.au/productimages/1/129619.jpg",
    "price": 0.45,
    "quantity": 0.04,
    "unitPrice": 11.3
  },
  {
    "name": "Kitchen Canned Soup Organic Mushroom Bisque",
    "url": "https://www.coles.com.au/product/amys-kitchen-canned-soup-organic-mushroom-bisque-391g-4801431",
    "img": "https://productimages.coles.com.au/productimages/4/4801431.jpg",
    "price": 4.4,
    "quantity": 0.391,
    "unitPrice": 11.3
  },
  {
    "name": "2 Minute Beef Flavour Noodles 12 Pack",
    "url": "https://www.coles.com.au/product/maggi-2-minute-beef-flavour-noodles-12-pack-888g-1616637",
    "img": "https://productimages.coles.com.au/productimages/1/1616637.jpg",
    "price": 10,
    "quantity": 0.888,
    "unitPrice": 11.3
  },
  {
    "name": "Coffee Mate Whitener",
    "url": "https://www.coles.com.au/product/nestle-coffee-mate-whitener-400g-9693948",
    "img": "https://productimages.coles.com.au/productimages/9/9693948.jpg",
    "price": 4.5,
    "quantity": 0.4,
    "unitPrice": 11.3
  },
  {
    "name": "Coffee Mate Whitener",
    "url": "https://www.coles.com.au/product/nestle-coffee-mate-whitener-400g-9693948",
    "img": "https://productimages.coles.com.au/productimages/9/9693948.jpg",
    "price": 4.5,
    "quantity": 0.4,
    "unitPrice": 11.3
  },
  {
    "name": "Instant Seviyan Upma",
    "url": "https://www.coles.com.au/product/mtr-instant-seviyan-upma-160g-4715409",
    "img": "https://productimages.coles.com.au/productimages/4/4715409.jpg",
    "price": 1.8,
    "quantity": 0.16,
    "unitPrice": 11.3
  },
  {
    "name": "Instant Regular Poha",
    "url": "https://www.coles.com.au/product/mtr-instant-regular-poha-160g-4715420",
    "img": "https://productimages.coles.com.au/productimages/4/4715420.jpg",
    "price": 1.8,
    "quantity": 0.16,
    "unitPrice": 11.3
  },
  {
    "name": "Instant Khatta Meetha Poha",
    "url": "https://www.coles.com.au/product/mtr-instant-khatta-meetha-poha-160g-4715431",
    "img": "https://productimages.coles.com.au/productimages/4/4715431.jpg",
    "price": 1.8,
    "quantity": 0.16,
    "unitPrice": 11.3
  },
  {
    "name": "Vermicelli Noodles",
    "url": "https://www.coles.com.au/product/wai-wai-rice-vermicelli-noodles-200g-7186530",
    "img": "https://productimages.coles.com.au/productimages/7/7186530.jpg",
    "price": 2.25,
    "quantity": 0.2,
    "unitPrice": 11.3
  },
  {
    "name": "Coconut Spread",
    "url": "https://www.coles.com.au/product/glory-coconut-spread-400g-5252281",
    "img": "https://productimages.coles.com.au/productimages/5/5252281.jpg",
    "price": 4.5,
    "quantity": 0.4,
    "unitPrice": 11.3
  },
  {
    "name": "Regular Tortillas Fajita 10 Pack",
    "url": "https://www.coles.com.au/product/old-el-paso-regular-tortillas-fajita-10-pack-400g-7610214",
    "img": "https://productimages.coles.com.au/productimages/7/7610214.jpg",
    "price": 4.5,
    "quantity": 0.4,
    "unitPrice": 11.3
  },
  {
    "name": "Canola Oil Spray",
    "url": "https://www.coles.com.au/product/prochef-canola-oil-spray-400g-6933783",
    "img": "https://productimages.coles.com.au/productimages/6/6933783.jpg",
    "price": 4.5,
    "quantity": 0.4,
    "unitPrice": 11.3
  },
  {
    "name": "Tomato Squeezy Paste",
    "url": "https://www.coles.com.au/product/leggo's-tomato-squeezy-paste-400g-5699410",
    "img": "https://productimages.coles.com.au/productimages/5/5699410.jpg",
    "price": 4.5,
    "quantity": 0.4,
    "unitPrice": 11.3
  },
  {
    "name": "Pizza Sauce Squeezy Tomato Paste",
    "url": "https://www.coles.com.au/product/leggo's-pizza-sauce-squeezy-tomato-paste-400g-5699443",
    "img": "https://productimages.coles.com.au/productimages/5/5699443.jpg",
    "price": 4.5,
    "quantity": 0.4,
    "unitPrice": 11.3
  },
  {
    "name": "Red Box Tray Lasagna ",
    "url": "https://www.coles.com.au/product/mccain-red-box-tray-lasagna--400g-412799",
    "img": "https://productimages.coles.com.au/productimages/4/412799.jpg",
    "price": 4.5,
    "quantity": 0.4,
    "unitPrice": 11.3
  },
  {
    "name": "Red Box Tray Spaghetti Bolognese ",
    "url": "https://www.coles.com.au/product/mccain-red-box-tray-spaghetti-bolognese--400g-412802",
    "img": "https://productimages.coles.com.au/productimages/4/412802.jpg",
    "price": 4.5,
    "quantity": 0.4,
    "unitPrice": 11.3
  },
  {
    "name": "Red Box Tray Tuna Mornay ",
    "url": "https://www.coles.com.au/product/mccain-red-box-tray-tuna-mornay--400g-6522552",
    "img": "https://productimages.coles.com.au/productimages/6/6522552.jpg",
    "price": 4.5,
    "quantity": 0.4,
    "unitPrice": 11.3
  },
  {
    "name": "Red Box Tray Pasta Beef Bacon ",
    "url": "https://www.coles.com.au/product/mccain-red-box-tray-pasta-beef-bacon--400g-9802828",
    "img": "https://productimages.coles.com.au/productimages/9/9802828.jpg",
    "price": 4.5,
    "quantity": 0.4,
    "unitPrice": 11.3
  },
  {
    "name": "Creamy Classics Vanilla Sandwich 4 pack",
    "url": "https://www.coles.com.au/product/bulla-creamy-classics-vanilla-sandwich-4-pack-560ml-3846140",
    "img": "https://productimages.coles.com.au/productimages/3/3846140.jpg",
    "price": 6.3,
    "quantity": 0.56,
    "unitPrice": 11.3
  },
  {
    "name": "Creamy Classic Sandwich Neapolitan 4 pack",
    "url": "https://www.coles.com.au/product/bulla-creamy-classic-sandwich-neapolitan-4-pack-560ml-3847980",
    "img": "https://productimages.coles.com.au/productimages/3/3847980.jpg",
    "price": 6.3,
    "quantity": 0.56,
    "unitPrice": 11.3
  },
  {
    "name": "Punjabi Asli Samosa",
    "url": "https://www.coles.com.au/product/sabrini-punjabi-asli-samosa-1500g-3775074",
    "img": "https://productimages.coles.com.au/productimages/3/3775074.jpg",
    "price": 17,
    "quantity": 1.5,
    "unitPrice": 11.3
  },
  {
    "name": "Hanabi Seedless Jack Fruit",
    "url": "https://www.woolworths.com.au/shop/productdetails/187432",
    "img": "https://cdn0.woolworths.media/content/wowproductimages/medium/187432.jpg",
    "price": 4.5,
    "quantity": 0.4,
    "unitPrice": 11.3
  },
  {
    "name": "Hanabi Seedless Jack Fruit",
    "url": "https://www.woolworths.com.au/shop/productdetails/187432",
    "img": "https://cdn0.woolworths.media/content/wowproductimages/medium/187432.jpg",
    "price": 4.5,
    "quantity": 0.4,
    "unitPrice": 11.3
  },
  {
    "name": "Olive Grove Classic Spread",
    "url": "https://www.woolworths.com.au/shop/productdetails/15439",
    "img": "https://cdn0.woolworths.media/content/wowproductimages/medium/015439.jpg",
    "price": 5.65,
    "quantity": 0.5,
    "unitPrice": 11.3
  },
  {
    "name": "Olive Grove Lite Spread",
    "url": "https://www.woolworths.com.au/shop/productdetails/56962",
    "img": "https://cdn0.woolworths.media/content/wowproductimages/medium/056962.jpg",
    "price": 5.65,
    "quantity": 0.5,
    "unitPrice": 11.3
  },
  {
    "name": "Olive Grove Buttery Spread With Sea Salt",
    "url": "https://www.woolworths.com.au/shop/productdetails/149671",
    "img": "https://cdn0.woolworths.media/content/wowproductimages/medium/149671.jpg",
    "price": 5.65,
    "quantity": 0.5,
    "unitPrice": 11.3
  },
  {
    "name": "Prochef Canola Spray",
    "url": "https://www.woolworths.com.au/shop/productdetails/9004",
    "img": "https://cdn0.woolworths.media/content/wowproductimages/medium/009004.jpg",
    "price": 4.5,
    "quantity": 0.4,
    "unitPrice": 11.3
  },
  {
    "name": "Plenty Heart Smart Safflower Cooking Oil",
    "url": "https://www.woolworths.com.au/shop/productdetails/137756",
    "img": "https://cdn0.woolworths.media/content/wowproductimages/medium/137756.jpg",
    "price": 8.5,
    "quantity": 0.75,
    "unitPrice": 11.3
  },
  {
    "name": "Jordans Simply Crunchy Oat Granola Honey",
    "url": "https://www.woolworths.com.au/shop/productdetails/609556",
    "img": "https://cdn0.woolworths.media/content/wowproductimages/medium/609556.jpg",
    "price": 8.5,
    "quantity": 0.75,
    "unitPrice": 11.3
  },
  {
    "name": "Macro LSA 6pk Box 250g",
    "url": "https://www.woolworths.com.au/shop/productdetails/1073923071",
    "img": "https://cdn0.woolworths.media/content/wowproductimages/medium/1073923071.jpg",
    "price": 17,
    "quantity": 1.5,
    "unitPrice": 11.3
  },
  {
    "name": "Poonsin Vietnamese Dipping Sauce For Spring Roll",
    "url": "https://www.woolworths.com.au/shop/productdetails/228978",
    "img": "https://cdn0.woolworths.media/content/wowproductimages/medium/228978.jpg",
    "price": 3.4,
    "quantity": 0.3,
    "unitPrice": 11.3
  },
  {
    "name": "Green's Cookies & Cream Cupcakes Mix",
    "url": "https://www.woolworths.com.au/shop/productdetails/827339",
    "img": "https://cdn0.woolworths.media/content/wowproductimages/medium/827339.jpg",
    "price": 4.3,
    "quantity": 0.38,
    "unitPrice": 11.3
  },
  {
    "name": "Parmesan & Garlic Mash",
    "url": "https://www.coles.com.au/product/birds-eye-deli-parmesan-&-garlic-mash-600g-5613594",
    "img": "https://productimages.coles.com.au/productimages/5/5613594.jpg",
    "price": 6.8,
    "quantity": 0.6,
    "unitPrice": 11.33
  },
  {
    "name": "White Wings Cornflour",
    "url": "https://www.woolworths.com.au/shop/productdetails/293237",
    "img": "https://cdn0.woolworths.media/content/wowproductimages/medium/293237.jpg",
    "price": 3.4,
    "quantity": 0.3,
    "unitPrice": 11.33
  },
  {
    "name": "Macro Organic Cornflour",
    "url": "https://www.woolworths.com.au/shop/productdetails/694862",
    "img": "https://cdn0.woolworths.media/content/wowproductimages/medium/694862.jpg",
    "price": 3.4,
    "quantity": 0.3,
    "unitPrice": 11.33
  },
  {
    "name": "Orchard & Vine Frozen Blueberries",
    "url": "https://www.aldi.com.au/en/groceries/freezer/freezer-detail/ps/p/orchard-vine-blueberries-500g-1/",
    "img": "https://www.aldi.com.au/fileadmin/_processed_/d/8/csm_ALN2364_FROZEN_FOOD_1x1_228x128_3_97631fd247.jpg",
    "price": 5.69,
    "quantity": 0.5,
    "unitPrice": 11.38
  },
  {
    "name": "Cocktail Frankfurts 25 pack",
    "url": "https://www.coles.com.au/product/plumrose-cocktail-frankfurts-25-pack-400g-134765",
    "img": "https://productimages.coles.com.au/productimages/1/134765.jpg",
    "price": 4.55,
    "quantity": 0.4,
    "unitPrice": 11.38
  },
  {
    "name": "Cocktail Frankfurts 25 pack",
    "url": "https://www.coles.com.au/product/plumrose-cocktail-frankfurts-25-pack-400g-134765",
    "img": "https://productimages.coles.com.au/productimages/1/134765.jpg",
    "price": 4.55,
    "quantity": 0.4,
    "unitPrice": 11.38
  },
  {
    "name": "Thick & Creamy Yoghurt Strawberry",
    "url": "https://www.coles.com.au/product/dairy-farmers-thick-&-creamy-yoghurt-strawberry-440g-4339577",
    "img": "https://productimages.coles.com.au/productimages/4/4339577.jpg",
    "price": 5,
    "quantity": 0.44,
    "unitPrice": 11.4
  },
  {
    "name": "Thick & Creamy Yoghurt Vanilla",
    "url": "https://www.coles.com.au/product/dairy-farmers-thick-&-creamy-yoghurt-vanilla-440g-4339599",
    "img": "https://productimages.coles.com.au/productimages/4/4339599.jpg",
    "price": 5,
    "quantity": 0.44,
    "unitPrice": 11.4
  },
  {
    "name": "ProActiv Margarine Spread Buttery",
    "url": "https://www.coles.com.au/product/flora-proactiv-margarine-spread-buttery-250g-2941156",
    "img": "https://productimages.coles.com.au/productimages/2/2941156.jpg",
    "price": 2.85,
    "quantity": 0.25,
    "unitPrice": 11.4
  },
  {
    "name": "ProActiv Margarine Spread Original",
    "url": "https://www.coles.com.au/product/flora-proactiv-margarine-spread-original-250g-8146940",
    "img": "https://productimages.coles.com.au/productimages/8/8146940.jpg",
    "price": 2.85,
    "quantity": 0.25,
    "unitPrice": 11.4
  },
  {
    "name": "Dairy Free Coconut Yoghurt",
    "url": "https://www.coles.com.au/product/coles-dairy-free-coconut-yoghurt-500g-3251619",
    "img": "https://productimages.coles.com.au/productimages/3/3251619.jpg",
    "price": 5.7,
    "quantity": 0.5,
    "unitPrice": 11.4
  },
  {
    "name": "I'M Free From White Loaf",
    "url": "https://www.coles.com.au/product/coles-i'm-free-from-white-loaf-500g-3216673",
    "img": "https://productimages.coles.com.au/productimages/3/3216673.jpg",
    "price": 5.7,
    "quantity": 0.5,
    "unitPrice": 11.4
  },
  {
    "name": "I'M Free From 5 Seed Loaf",
    "url": "https://www.coles.com.au/product/coles-i'm-free-from-5-seed-loaf-500g-3216695",
    "img": "https://productimages.coles.com.au/productimages/3/3216695.jpg",
    "price": 5.7,
    "quantity": 0.5,
    "unitPrice": 11.4
  },
  {
    "name": "Ultimate Gluten Free 40% Chocolate Chip Cookie Baking Mix",
    "url": "https://www.coles.com.au/product/coles-ultimate-gluten-free-40%-chocolate-chip-cookie-baking-mix-500g-5915527",
    "img": "https://productimages.coles.com.au/productimages/5/5915527.jpg",
    "price": 5.7,
    "quantity": 0.5,
    "unitPrice": 11.4
  },
  {
    "name": "Cocoa Bombs",
    "url": "https://www.coles.com.au/product/lowan-cocoa-bombs-350g-9559129",
    "img": "https://productimages.coles.com.au/productimages/9/9559129.jpg",
    "price": 4,
    "quantity": 0.35,
    "unitPrice": 11.4
  },
  {
    "name": "Premium Dark Soy Sauce",
    "url": "https://www.coles.com.au/product/lee-kum-kee-premium-dark-soy-sauce-250ml-3737020",
    "img": "https://productimages.coles.com.au/productimages/3/3737020.jpg",
    "price": 2.85,
    "quantity": 0.25,
    "unitPrice": 11.4
  },
  {
    "name": "Enchilada Kit Mexican Style",
    "url": "https://www.coles.com.au/product/old-el-paso-enchilada-kit-mexican-style-520g-7010920",
    "img": "https://productimages.coles.com.au/productimages/7/7010920.jpg",
    "price": 5.95,
    "quantity": 0.52,
    "unitPrice": 11.4
  },
  {
    "name": "Lemon Curd Spread",
    "url": "https://www.coles.com.au/product/yackandandah-lemon-curd-spread-350g-5102416",
    "img": "https://productimages.coles.com.au/productimages/5/5102416.jpg",
    "price": 4,
    "quantity": 0.35,
    "unitPrice": 11.4
  },
  {
    "name": "Tomato Ketchup Sauce",
    "url": "https://www.coles.com.au/product/heinz-tomato-ketchup-sauce-220ml-1166360",
    "img": "https://productimages.coles.com.au/productimages/1/1166360.jpg",
    "price": 2.5,
    "quantity": 0.22,
    "unitPrice": 11.4
  },
  {
    "name": "American Mustard For Sausages & Hot Dogs",
    "url": "https://www.coles.com.au/product/heinz-american-mustard-for-sausages-&-hot-dogs-220ml-2777530",
    "img": "https://productimages.coles.com.au/productimages/2/2777530.jpg",
    "price": 2.5,
    "quantity": 0.22,
    "unitPrice": 11.4
  },
  {
    "name": "Tomato Ketchup Sauce",
    "url": "https://www.coles.com.au/product/heinz-tomato-ketchup-sauce-220ml-1166360",
    "img": "https://productimages.coles.com.au/productimages/1/1166360.jpg",
    "price": 2.5,
    "quantity": 0.22,
    "unitPrice": 11.4
  },
  {
    "name": "American Mustard For Sausages & Hot Dogs",
    "url": "https://www.coles.com.au/product/heinz-american-mustard-for-sausages-&-hot-dogs-220ml-2777530",
    "img": "https://productimages.coles.com.au/productimages/2/2777530.jpg",
    "price": 2.5,
    "quantity": 0.22,
    "unitPrice": 11.4
  },
  {
    "name": "American Mustard For Sausages & Hot Dogs",
    "url": "https://www.coles.com.au/product/heinz-american-mustard-for-sausages-&-hot-dogs-220ml-2777530",
    "img": "https://productimages.coles.com.au/productimages/2/2777530.jpg",
    "price": 2.5,
    "quantity": 0.22,
    "unitPrice": 11.4
  },
  {
    "name": "Ready Chef Creamy Tomato & Bacon Pasta Bake",
    "url": "https://www.woolworths.com.au/shop/productdetails/354301",
    "img": "https://cdn0.woolworths.media/content/wowproductimages/medium/354301.jpg",
    "price": 12.5,
    "quantity": 1.1,
    "unitPrice": 11.4
  },
  {
    "name": "Ready Chef Penne Bolognaise Family Size Bake",
    "url": "https://www.woolworths.com.au/shop/productdetails/349168",
    "img": "https://cdn0.woolworths.media/content/wowproductimages/medium/349168.jpg",
    "price": 12.5,
    "quantity": 1.1,
    "unitPrice": 11.4
  },
  {
    "name": "Ready Chef Cheesy Pasta Bake",
    "url": "https://www.woolworths.com.au/shop/productdetails/349200",
    "img": "https://cdn0.woolworths.media/content/wowproductimages/medium/349200.jpg",
    "price": 12.5,
    "quantity": 1.1,
    "unitPrice": 11.4
  },
  {
    "name": "Pace Farm Liberty Eggs 6 Large Cage Free Eggs",
    "url": "https://www.woolworths.com.au/shop/productdetails/59789",
    "img": "https://cdn0.woolworths.media/content/wowproductimages/medium/059789.jpg",
    "price": 3.75,
    "quantity": 0.33,
    "unitPrice": 11.4
  },
  {
    "name": "Heinz American Mustard Squeeze Bottle",
    "url": "https://www.woolworths.com.au/shop/productdetails/522639",
    "img": "https://cdn0.woolworths.media/content/wowproductimages/medium/522639.jpg",
    "price": 2.5,
    "quantity": 0.22,
    "unitPrice": 11.4
  },
  {
    "name": "Mr Chen's Teriyaki Sauce",
    "url": "https://www.woolworths.com.au/shop/productdetails/123484",
    "img": "https://cdn0.woolworths.media/content/wowproductimages/medium/123484.jpg",
    "price": 2.85,
    "quantity": 0.25,
    "unitPrice": 11.4
  },
  {
    "name": "Mr Chen's Oyster Sauce",
    "url": "https://www.woolworths.com.au/shop/productdetails/122359",
    "img": "https://cdn0.woolworths.media/content/wowproductimages/medium/122359.jpg",
    "price": 2.85,
    "quantity": 0.25,
    "unitPrice": 11.4
  },
  {
    "name": "Mr Chen's Hoisin Sauce",
    "url": "https://www.woolworths.com.au/shop/productdetails/122220",
    "img": "https://cdn0.woolworths.media/content/wowproductimages/medium/122220.jpg",
    "price": 2.85,
    "quantity": 0.25,
    "unitPrice": 11.4
  },
  {
    "name": "Mr Chen's Soy Sauce",
    "url": "https://www.woolworths.com.au/shop/productdetails/123365",
    "img": "https://cdn0.woolworths.media/content/wowproductimages/medium/123365.jpg",
    "price": 2.85,
    "quantity": 0.25,
    "unitPrice": 11.4
  },
  {
    "name": "Mr Chen's Dumpling Sauce",
    "url": "https://www.woolworths.com.au/shop/productdetails/234428",
    "img": "https://cdn0.woolworths.media/content/wowproductimages/medium/234428.jpg",
    "price": 2.85,
    "quantity": 0.25,
    "unitPrice": 11.4
  },
  {
    "name": "Mr Chen's Soy Sauce Reduced Salt",
    "url": "https://www.woolworths.com.au/shop/productdetails/234605",
    "img": "https://cdn0.woolworths.media/content/wowproductimages/medium/234605.jpg",
    "price": 2.85,
    "quantity": 0.25,
    "unitPrice": 11.4
  },
  {
    "name": "Mr Chen's Dark Soy Sauce",
    "url": "https://www.woolworths.com.au/shop/productdetails/234426",
    "img": "https://cdn0.woolworths.media/content/wowproductimages/medium/234426.jpg",
    "price": 2.85,
    "quantity": 0.25,
    "unitPrice": 11.4
  },
  {
    "name": "Chef's Choice Organic Rapadura Sugar 1kg",
    "url": "https://www.woolworths.com.au/shop/productdetails/1073999828",
    "img": "https://cdn0.woolworths.media/content/wowproductimages/medium/1073999828.jpg",
    "price": 11.35,
    "quantity": 1,
    "unitPrice": 11.4
  },
  {
    "name": "Kitchen Superfood Slaw Mix",
    "url": "https://www.coles.com.au/product/coles-kitchen-superfood-slaw-mix-350g-3016120",
    "img": "https://productimages.coles.com.au/productimages/3/3016120.jpg",
    "price": 4,
    "quantity": 0.35,
    "unitPrice": 11.43
  },
  {
    "name": "Cowboy Candy Jalapenos",
    "url": "https://www.coles.com.au/product/wicked-cowboy-candy-jalapenos-210g-6739500",
    "img": "https://productimages.coles.com.au/productimages/6/6739500.jpg",
    "price": 2.4,
    "quantity": 0.21,
    "unitPrice": 11.43
  },
  {
    "name": "Cowboy Candy Jalapenos",
    "url": "https://www.coles.com.au/product/wicked-cowboy-candy-jalapenos-210g-6739500",
    "img": "https://productimages.coles.com.au/productimages/6/6739500.jpg",
    "price": 2.4,
    "quantity": 0.21,
    "unitPrice": 11.43
  },
  {
    "name": "Organic Sultanas",
    "url": "https://www.coles.com.au/product/coles-organic-sultanas-375g-2749443",
    "img": "https://productimages.coles.com.au/productimages/2/2749443.jpg",
    "price": 4.3,
    "quantity": 0.375,
    "unitPrice": 11.47
  },
  {
    "name": "Cocktail Franks Skinless",
    "url": "https://www.coles.com.au/product/don-cocktail-franks-skinless-600g-1500290",
    "img": "https://productimages.coles.com.au/productimages/1/1500290.jpg",
    "price": 6.9,
    "quantity": 0.6,
    "unitPrice": 11.5
  },
  {
    "name": "Gluten Free Footy Franks Skinless",
    "url": "https://www.coles.com.au/product/don-gluten-free-footy-franks-skinless-600g-1500304",
    "img": "https://productimages.coles.com.au/productimages/1/1500304.jpg",
    "price": 6.9,
    "quantity": 0.6,
    "unitPrice": 11.5
  },
  {
    "name": "Natural Living Free Range Large Eggs 12 pack",
    "url": "https://www.coles.com.au/product/pace-farm-natural-living-free-range-large-eggs-12-pack-600g-4932940",
    "img": "https://productimages.coles.com.au/productimages/4/4932940.jpg",
    "price": 6.9,
    "quantity": 0.6,
    "unitPrice": 11.5
  },
  {
    "name": "Free Range 6 Pack",
    "url": "https://www.coles.com.au/product/mornington-peninsula-free-range-6-pack-330g-6802515",
    "img": "https://productimages.coles.com.au/productimages/6/6802515.jpg",
    "price": 3.8,
    "quantity": 0.33,
    "unitPrice": 11.5
  },
  {
    "name": "Cocktail Franks Skinless",
    "url": "https://www.coles.com.au/product/don-cocktail-franks-skinless-600g-1500290",
    "img": "https://productimages.coles.com.au/productimages/1/1500290.jpg",
    "price": 6.9,
    "quantity": 0.6,
    "unitPrice": 11.5
  },
  {
    "name": "Gluten Free Footy Franks Skinless",
    "url": "https://www.coles.com.au/product/don-gluten-free-footy-franks-skinless-600g-1500304",
    "img": "https://productimages.coles.com.au/productimages/1/1500304.jpg",
    "price": 6.9,
    "quantity": 0.6,
    "unitPrice": 11.5
  },
  {
    "name": "Bake & Create Milk Chocolate Chips",
    "url": "https://www.coles.com.au/product/coles-bake-&-create-milk-chocolate-chips-200g-3827713",
    "img": "https://productimages.coles.com.au/productimages/3/3827713.jpg",
    "price": 2.3,
    "quantity": 0.2,
    "unitPrice": 11.5
  },
  {
    "name": "Bake & Create White Chocolate Chips",
    "url": "https://www.coles.com.au/product/coles-bake-&-create-white-chocolate-chips-200g-3827735",
    "img": "https://productimages.coles.com.au/productimages/3/3827735.jpg",
    "price": 2.3,
    "quantity": 0.2,
    "unitPrice": 11.5
  },
  {
    "name": "Oat Flakes Breakfast Cereal",
    "url": "https://www.coles.com.au/product/uncle-tobys-oat-flakes-breakfast-cereal-650g-7019255",
    "img": "https://productimages.coles.com.au/productimages/7/7019255.jpg",
    "price": 7.5,
    "quantity": 0.65,
    "unitPrice": 11.5
  },
  {
    "name": "Artichoke Hearts",
    "url": "https://www.coles.com.au/product/always-fresh-artichoke-hearts-400g-132475",
    "img": "https://productimages.coles.com.au/productimages/1/132475.jpg",
    "price": 4.6,
    "quantity": 0.4,
    "unitPrice": 11.5
  },
  {
    "name": "Artichoke Hearts",
    "url": "https://www.coles.com.au/product/always-fresh-artichoke-hearts-400g-132475",
    "img": "https://productimages.coles.com.au/productimages/1/132475.jpg",
    "price": 4.6,
    "quantity": 0.4,
    "unitPrice": 11.5
  },
  {
    "name": "Premium Bean Vermicelli",
    "url": "https://www.coles.com.au/product/double-phoenix-premium-bean-vermicelli-100g-9765040",
    "img": "https://productimages.coles.com.au/productimages/9/9765040.jpg",
    "price": 1.15,
    "quantity": 0.1,
    "unitPrice": 11.5
  },
  {
    "name": "Vietnamese Pho Rice Noodle",
    "url": "https://www.coles.com.au/product/pandaroo-vietnamese-pho-rice-noodle-200g-4223958",
    "img": "https://productimages.coles.com.au/productimages/4/4223958.jpg",
    "price": 2.3,
    "quantity": 0.2,
    "unitPrice": 11.5
  },
  {
    "name": "Stone Ground Tortilla Chips",
    "url": "https://www.coles.com.au/product/coles-stone-ground-tortilla-chips-400g-3812953",
    "img": "https://productimages.coles.com.au/productimages/3/3812953.jpg",
    "price": 4.6,
    "quantity": 0.4,
    "unitPrice": 11.5
  },
  {
    "name": "English Breakfast Marmalade Jam",
    "url": "https://www.coles.com.au/product/roses-english-breakfast-marmalade-jam-375g-6397687",
    "img": "https://productimages.coles.com.au/productimages/6/6397687.jpg",
    "price": 4.3,
    "quantity": 0.375,
    "unitPrice": 11.5
  },
  {
    "name": "Marmalade Jam",
    "url": "https://www.coles.com.au/product/roses-marmalade-jam-375g-6397712",
    "img": "https://productimages.coles.com.au/productimages/6/6397712.jpg",
    "price": 4.3,
    "quantity": 0.375,
    "unitPrice": 11.5
  },
  {
    "name": "Bolognese Pasta Sauce",
    "url": "https://www.coles.com.au/product/barilla-bolognese-pasta-sauce-400g-1564351",
    "img": "https://productimages.coles.com.au/productimages/1/1564351.jpg",
    "price": 4.6,
    "quantity": 0.4,
    "unitPrice": 11.5
  },
  {
    "name": "Arrabbiata Pasta Sauce",
    "url": "https://www.coles.com.au/product/barilla-arrabbiata-pasta-sauce-400g-7746034",
    "img": "https://productimages.coles.com.au/productimages/7/7746034.jpg",
    "price": 4.6,
    "quantity": 0.4,
    "unitPrice": 11.5
  },
  {
    "name": "Basilico Pasta Sauce",
    "url": "https://www.coles.com.au/product/barilla-basilico-pasta-sauce-400g-7746056",
    "img": "https://productimages.coles.com.au/productimages/7/7746056.jpg",
    "price": 4.6,
    "quantity": 0.4,
    "unitPrice": 11.5
  },
  {
    "name": "Napoletana Pasta Sauce",
    "url": "https://www.coles.com.au/product/barilla-napoletana-pasta-sauce-400g-8951630",
    "img": "https://productimages.coles.com.au/productimages/8/8951630.jpg",
    "price": 4.6,
    "quantity": 0.4,
    "unitPrice": 11.5
  },
  {
    "name": "Frozen Flaming Chicken Wing Nibbles",
    "url": "https://www.coles.com.au/product/steggles-frozen-flaming-chicken-wing-nibbles-1kg-1873108",
    "img": "https://productimages.coles.com.au/productimages/1/1873108.jpg",
    "price": 11.5,
    "quantity": 1,
    "unitPrice": 11.5
  },
  {
    "name": "Frozen Fish Fingers 40 Pieces",
    "url": "https://www.coles.com.au/product/birds-eye-frozen-fish-fingers-40-pieces-1kg-292937",
    "img": "https://productimages.coles.com.au/productimages/2/292937.jpg",
    "price": 11.5,
    "quantity": 1,
    "unitPrice": 11.5
  },
  {
    "name": "Frozen Crumbed Chicken Nuggets",
    "url": "https://www.coles.com.au/product/steggles-frozen-crumbed-chicken-nuggets-1kg-3081825",
    "img": "https://productimages.coles.com.au/productimages/3/3081825.jpg",
    "price": 11.5,
    "quantity": 1,
    "unitPrice": 11.5
  },
  {
    "name": "Frozen Chicken Dino Snacks",
    "url": "https://www.coles.com.au/product/steggles-frozen-chicken-dino-snacks-1kg-3088427",
    "img": "https://productimages.coles.com.au/productimages/3/3088427.jpg",
    "price": 11.5,
    "quantity": 1,
    "unitPrice": 11.5
  },
  {
    "name": "Frozen Sweet Chilli Chicken Tenders",
    "url": "https://www.coles.com.au/product/steggles-frozen-sweet-chilli-chicken-tenders-1kg-3088438",
    "img": "https://productimages.coles.com.au/productimages/3/3088438.jpg",
    "price": 11.5,
    "quantity": 1,
    "unitPrice": 11.5
  },
  {
    "name": "Frozen Classic Crumb Chicken Breast Tenders",
    "url": "https://www.coles.com.au/product/steggles-frozen-classic-crumb-chicken-breast-tenders-1kg-3230710",
    "img": "https://productimages.coles.com.au/productimages/3/3230710.jpg",
    "price": 11.5,
    "quantity": 1,
    "unitPrice": 11.5
  },
  {
    "name": "Frozen Tempura Chicken Breast Pops",
    "url": "https://www.coles.com.au/product/steggles-frozen-tempura-chicken-breast-pops-1kg-3236976",
    "img": "https://productimages.coles.com.au/productimages/3/3236976.jpg",
    "price": 11.5,
    "quantity": 1,
    "unitPrice": 11.5
  },
  {
    "name": "Tempura Chicken Nuggets",
    "url": "https://www.coles.com.au/product/steggles-tempura-chicken-nuggets-1kg-6943390",
    "img": "https://productimages.coles.com.au/productimages/6/6943390.jpg",
    "price": 11.5,
    "quantity": 1,
    "unitPrice": 11.5
  },
  {
    "name": "Frozen Chicken Breast Goujons",
    "url": "https://www.coles.com.au/product/steggles-frozen-chicken-breast-goujons-1kg-8434332",
    "img": "https://productimages.coles.com.au/productimages/8/8434332.jpg",
    "price": 11.5,
    "quantity": 1,
    "unitPrice": 11.5
  },
  {
    "name": "Chocolate & Slt Caramel",
    "url": "https://www.coles.com.au/product/sara-lee-dluxe-semifredo-chocolate-&-slt-caramel-1.3l-5588850",
    "img": "https://productimages.coles.com.au/productimages/5/5588850.jpg",
    "price": 15,
    "quantity": 1.3,
    "unitPrice": 11.5
  },
  {
    "name": "Tempura Chicken Nuggets",
    "url": "https://www.coles.com.au/product/steggles-tempura-chicken-nuggets-1kg-6943390",
    "img": "https://productimages.coles.com.au/productimages/6/6943390.jpg",
    "price": 11.5,
    "quantity": 1,
    "unitPrice": 11.5
  },
  {
    "name": "Frozen Chicken Breast Goujons",
    "url": "https://www.coles.com.au/product/steggles-frozen-chicken-breast-goujons-1kg-8434332",
    "img": "https://productimages.coles.com.au/productimages/8/8434332.jpg",
    "price": 11.5,
    "quantity": 1,
    "unitPrice": 11.5
  },
  {
    "name": "Chocolate & Slt Caramel",
    "url": "https://www.coles.com.au/product/sara-lee-dluxe-semifredo-chocolate-&-slt-caramel-1.3l-5588850",
    "img": "https://productimages.coles.com.au/productimages/5/5588850.jpg",
    "price": 15,
    "quantity": 1.3,
    "unitPrice": 11.5
  },
  {
    "name": "Always Fresh Artichoke Hearts",
    "url": "https://www.woolworths.com.au/shop/productdetails/732197",
    "img": "https://cdn0.woolworths.media/content/wowproductimages/medium/732197.jpg",
    "price": 4.6,
    "quantity": 0.4,
    "unitPrice": 11.5
  },
  {
    "name": "Always Fresh Artichoke Hearts",
    "url": "https://www.woolworths.com.au/shop/productdetails/732197",
    "img": "https://cdn0.woolworths.media/content/wowproductimages/medium/732197.jpg",
    "price": 4.6,
    "quantity": 0.4,
    "unitPrice": 11.5
  },
  {
    "name": "Rose's English Breakfast Marmalade",
    "url": "https://www.woolworths.com.au/shop/productdetails/296178",
    "img": "https://cdn0.woolworths.media/content/wowproductimages/medium/296178.jpg",
    "price": 4.3,
    "quantity": 0.375,
    "unitPrice": 11.5
  },
  {
    "name": "Rose's Strawberry Conserve",
    "url": "https://www.woolworths.com.au/shop/productdetails/296809",
    "img": "https://cdn0.woolworths.media/content/wowproductimages/medium/296809.jpg",
    "price": 4.3,
    "quantity": 0.375,
    "unitPrice": 11.5
  },
  {
    "name": "Rose's Raspberry Conserve",
    "url": "https://www.woolworths.com.au/shop/productdetails/299528",
    "img": "https://cdn0.woolworths.media/content/wowproductimages/medium/299528.jpg",
    "price": 4.3,
    "quantity": 0.375,
    "unitPrice": 11.5
  },
  {
    "name": "Rose's Lime Marmalade",
    "url": "https://www.woolworths.com.au/shop/productdetails/299515",
    "img": "https://cdn0.woolworths.media/content/wowproductimages/medium/299515.jpg",
    "price": 4.3,
    "quantity": 0.375,
    "unitPrice": 11.5
  },
  {
    "name": "Rose's Sweet Orange Marmalade",
    "url": "https://www.woolworths.com.au/shop/productdetails/300202",
    "img": "https://cdn0.woolworths.media/content/wowproductimages/medium/300202.jpg",
    "price": 4.3,
    "quantity": 0.375,
    "unitPrice": 11.5
  },
  {
    "name": "Sweet Spiced Gherkins",
    "url": "https://www.coles.com.au/product/three-threes-sweet-spiced-gherkins-260g-3573579",
    "img": "https://productimages.coles.com.au/productimages/3/3573579.jpg",
    "price": 3,
    "quantity": 0.26,
    "unitPrice": 11.54
  },
  {
    "name": "Sweet Spiced Gherkins",
    "url": "https://www.coles.com.au/product/three-threes-sweet-spiced-gherkins-260g-3573579",
    "img": "https://productimages.coles.com.au/productimages/3/3573579.jpg",
    "price": 3,
    "quantity": 0.26,
    "unitPrice": 11.54
  },
  {
    "name": "Tuna Sweet Chilli",
    "url": "https://www.coles.com.au/product/coles-tuna-sweet-chilli-95g-5905760",
    "img": "https://productimages.coles.com.au/productimages/5/5905760.jpg",
    "price": 1.1,
    "quantity": 0.095,
    "unitPrice": 11.58
  },
  {
    "name": "Smoke Flavour Tuna",
    "url": "https://www.coles.com.au/product/coles-smoke-flavour-tuna-95g-7475899",
    "img": "https://productimages.coles.com.au/productimages/7/7475899.jpg",
    "price": 1.1,
    "quantity": 0.095,
    "unitPrice": 11.58
  },
  {
    "name": "Tuna Lemon & Pepper",
    "url": "https://www.coles.com.au/product/coles-tuna-lemon-&-pepper-95g-7475913",
    "img": "https://productimages.coles.com.au/productimages/7/7475913.jpg",
    "price": 1.1,
    "quantity": 0.095,
    "unitPrice": 11.58
  },
  {
    "name": "Sweetcorn & Mayonnaise Tuna",
    "url": "https://www.coles.com.au/product/coles-sweetcorn-&-mayonnaise-tuna-95g-7475957",
    "img": "https://productimages.coles.com.au/productimages/7/7475957.jpg",
    "price": 1.1,
    "quantity": 0.095,
    "unitPrice": 11.58
  },
  {
    "name": "Tuna Zesty Vinaigrette",
    "url": "https://www.coles.com.au/product/coles-tuna-zesty-vinaigrette-95g-7752707",
    "img": "https://productimages.coles.com.au/productimages/7/7752707.jpg",
    "price": 1.1,
    "quantity": 0.095,
    "unitPrice": 11.58
  },
  {
    "name": "Tuna Sweet Seeded Mustard",
    "url": "https://www.coles.com.au/product/coles-tuna-sweet-seeded-mustard-95g-7752718",
    "img": "https://productimages.coles.com.au/productimages/7/7752718.jpg",
    "price": 1.1,
    "quantity": 0.095,
    "unitPrice": 11.58
  },
  {
    "name": "Tuna Mild Indian Curry",
    "url": "https://www.coles.com.au/product/coles-tuna-mild-indian-curry-95g-7752751",
    "img": "https://productimages.coles.com.au/productimages/7/7752751.jpg",
    "price": 1.1,
    "quantity": 0.095,
    "unitPrice": 11.58
  },
  {
    "name": "Spicy Chilli Tuna",
    "url": "https://www.coles.com.au/product/coles-spicy-chilli-tuna-95g-7752810",
    "img": "https://productimages.coles.com.au/productimages/7/7752810.jpg",
    "price": 1.1,
    "quantity": 0.095,
    "unitPrice": 11.58
  },
  {
    "name": "Tuna Onion & Savoury Sauce",
    "url": "https://www.coles.com.au/product/coles-tuna-onion-&-savoury-sauce-95g-7861087",
    "img": "https://productimages.coles.com.au/productimages/7/7861087.jpg",
    "price": 1.1,
    "quantity": 0.095,
    "unitPrice": 11.58
  },
  {
    "name": "Tuna Tomato & Basil",
    "url": "https://www.coles.com.au/product/coles-tuna-tomato-&-basil-95g-7861327",
    "img": "https://productimages.coles.com.au/productimages/7/7861327.jpg",
    "price": 1.1,
    "quantity": 0.095,
    "unitPrice": 11.58
  },
  {
    "name": "Tuna Chunks in Springwater",
    "url": "https://www.coles.com.au/product/coles-tuna-chunks-in-springwater-95g-8675281",
    "img": "https://productimages.coles.com.au/productimages/8/8675281.jpg",
    "price": 1.1,
    "quantity": 0.095,
    "unitPrice": 11.58
  },
  {
    "name": "Tuna Chunks in Olive Oil Blend",
    "url": "https://www.coles.com.au/product/coles-tuna-chunks-in-olive-oil-blend-95g-8675339",
    "img": "https://productimages.coles.com.au/productimages/8/8675339.jpg",
    "price": 1.1,
    "quantity": 0.095,
    "unitPrice": 11.58
  },
  {
    "name": "Tuna Sandwich Olive Oil Blend",
    "url": "https://www.coles.com.au/product/coles-tuna-sandwich-olive-oil-blend-95g-8675361",
    "img": "https://productimages.coles.com.au/productimages/8/8675361.jpg",
    "price": 1.1,
    "quantity": 0.095,
    "unitPrice": 11.58
  },
  {
    "name": "Tuna Sandwich In Brine",
    "url": "https://www.coles.com.au/product/coles-tuna-sandwich-in-brine-95g-8675372",
    "img": "https://productimages.coles.com.au/productimages/8/8675372.jpg",
    "price": 1.1,
    "quantity": 0.095,
    "unitPrice": 11.58
  },
  {
    "name": "Tuna Sweet Chilli",
    "url": "https://www.coles.com.au/product/coles-tuna-sweet-chilli-95g-5905760",
    "img": "https://productimages.coles.com.au/productimages/5/5905760.jpg",
    "price": 1.1,
    "quantity": 0.095,
    "unitPrice": 11.58
  },
  {
    "name": "Smoke Flavour Tuna",
    "url": "https://www.coles.com.au/product/coles-smoke-flavour-tuna-95g-7475899",
    "img": "https://productimages.coles.com.au/productimages/7/7475899.jpg",
    "price": 1.1,
    "quantity": 0.095,
    "unitPrice": 11.58
  },
  {
    "name": "Tuna Lemon & Pepper",
    "url": "https://www.coles.com.au/product/coles-tuna-lemon-&-pepper-95g-7475913",
    "img": "https://productimages.coles.com.au/productimages/7/7475913.jpg",
    "price": 1.1,
    "quantity": 0.095,
    "unitPrice": 11.58
  },
  {
    "name": "Sweetcorn & Mayonnaise Tuna",
    "url": "https://www.coles.com.au/product/coles-sweetcorn-&-mayonnaise-tuna-95g-7475957",
    "img": "https://productimages.coles.com.au/productimages/7/7475957.jpg",
    "price": 1.1,
    "quantity": 0.095,
    "unitPrice": 11.58
  },
  {
    "name": "Tuna Zesty Vinaigrette",
    "url": "https://www.coles.com.au/product/coles-tuna-zesty-vinaigrette-95g-7752707",
    "img": "https://productimages.coles.com.au/productimages/7/7752707.jpg",
    "price": 1.1,
    "quantity": 0.095,
    "unitPrice": 11.58
  },
  {
    "name": "Tuna Sweet Seeded Mustard",
    "url": "https://www.coles.com.au/product/coles-tuna-sweet-seeded-mustard-95g-7752718",
    "img": "https://productimages.coles.com.au/productimages/7/7752718.jpg",
    "price": 1.1,
    "quantity": 0.095,
    "unitPrice": 11.58
  },
  {
    "name": "Tuna Mild Indian Curry",
    "url": "https://www.coles.com.au/product/coles-tuna-mild-indian-curry-95g-7752751",
    "img": "https://productimages.coles.com.au/productimages/7/7752751.jpg",
    "price": 1.1,
    "quantity": 0.095,
    "unitPrice": 11.58
  },
  {
    "name": "Spicy Chilli Tuna",
    "url": "https://www.coles.com.au/product/coles-spicy-chilli-tuna-95g-7752810",
    "img": "https://productimages.coles.com.au/productimages/7/7752810.jpg",
    "price": 1.1,
    "quantity": 0.095,
    "unitPrice": 11.58
  },
  {
    "name": "Tuna Onion & Savoury Sauce",
    "url": "https://www.coles.com.au/product/coles-tuna-onion-&-savoury-sauce-95g-7861087",
    "img": "https://productimages.coles.com.au/productimages/7/7861087.jpg",
    "price": 1.1,
    "quantity": 0.095,
    "unitPrice": 11.58
  },
  {
    "name": "Tuna Tomato & Basil",
    "url": "https://www.coles.com.au/product/coles-tuna-tomato-&-basil-95g-7861327",
    "img": "https://productimages.coles.com.au/productimages/7/7861327.jpg",
    "price": 1.1,
    "quantity": 0.095,
    "unitPrice": 11.58
  },
  {
    "name": "Tuna Chunks in Springwater",
    "url": "https://www.coles.com.au/product/coles-tuna-chunks-in-springwater-95g-8675281",
    "img": "https://productimages.coles.com.au/productimages/8/8675281.jpg",
    "price": 1.1,
    "quantity": 0.095,
    "unitPrice": 11.58
  },
  {
    "name": "Tuna Chunks in Olive Oil Blend",
    "url": "https://www.coles.com.au/product/coles-tuna-chunks-in-olive-oil-blend-95g-8675339",
    "img": "https://productimages.coles.com.au/productimages/8/8675339.jpg",
    "price": 1.1,
    "quantity": 0.095,
    "unitPrice": 11.58
  },
  {
    "name": "Tuna Sandwich Olive Oil Blend",
    "url": "https://www.coles.com.au/product/coles-tuna-sandwich-olive-oil-blend-95g-8675361",
    "img": "https://productimages.coles.com.au/productimages/8/8675361.jpg",
    "price": 1.1,
    "quantity": 0.095,
    "unitPrice": 11.58
  },
  {
    "name": "Tuna Sandwich In Brine",
    "url": "https://www.coles.com.au/product/coles-tuna-sandwich-in-brine-95g-8675372",
    "img": "https://productimages.coles.com.au/productimages/8/8675372.jpg",
    "price": 1.1,
    "quantity": 0.095,
    "unitPrice": 11.58
  },
  {
    "name": "Woolworths Tuna In Oil",
    "url": "https://www.woolworths.com.au/shop/productdetails/476701",
    "img": "https://cdn0.woolworths.media/content/wowproductimages/medium/476701.jpg",
    "price": 1.1,
    "quantity": 0.095,
    "unitPrice": 11.58
  },
  {
    "name": "Woolworths Tuna In Springwater",
    "url": "https://www.woolworths.com.au/shop/productdetails/476700",
    "img": "https://cdn0.woolworths.media/content/wowproductimages/medium/476700.jpg",
    "price": 1.1,
    "quantity": 0.095,
    "unitPrice": 11.58
  },
  {
    "name": "Woolworths Tuna Sweet Chilli",
    "url": "https://www.woolworths.com.au/shop/productdetails/827218",
    "img": "https://cdn0.woolworths.media/content/wowproductimages/medium/827218.jpg",
    "price": 1.1,
    "quantity": 0.095,
    "unitPrice": 11.58
  },
  {
    "name": "Woolworths Tuna Mayonnaise & Corn",
    "url": "https://www.woolworths.com.au/shop/productdetails/827213",
    "img": "https://cdn0.woolworths.media/content/wowproductimages/medium/827213.jpg",
    "price": 1.1,
    "quantity": 0.095,
    "unitPrice": 11.58
  },
  {
    "name": "Woolworths Tuna Tomato And Onion",
    "url": "https://www.woolworths.com.au/shop/productdetails/827217",
    "img": "https://cdn0.woolworths.media/content/wowproductimages/medium/827217.jpg",
    "price": 1.1,
    "quantity": 0.095,
    "unitPrice": 11.58
  },
  {
    "name": "Woolworths Lemon And Pepper Tuna",
    "url": "https://www.woolworths.com.au/shop/productdetails/827211",
    "img": "https://cdn0.woolworths.media/content/wowproductimages/medium/827211.jpg",
    "price": 1.1,
    "quantity": 0.095,
    "unitPrice": 11.58
  },
  {
    "name": "Woolworths Tuna Chilli",
    "url": "https://www.woolworths.com.au/shop/productdetails/476702",
    "img": "https://cdn0.woolworths.media/content/wowproductimages/medium/476702.jpg",
    "price": 1.1,
    "quantity": 0.095,
    "unitPrice": 11.58
  },
  {
    "name": "Woolworths Tuna Tomato & Basil",
    "url": "https://www.woolworths.com.au/shop/productdetails/476704",
    "img": "https://cdn0.woolworths.media/content/wowproductimages/medium/476704.jpg",
    "price": 1.1,
    "quantity": 0.095,
    "unitPrice": 11.58
  },
  {
    "name": "Woolworths Tuna Mexican Style",
    "url": "https://www.woolworths.com.au/shop/productdetails/476705",
    "img": "https://cdn0.woolworths.media/content/wowproductimages/medium/476705.jpg",
    "price": 1.1,
    "quantity": 0.095,
    "unitPrice": 11.58
  },
  {
    "name": "Woolworths Tuna Laksa",
    "url": "https://www.woolworths.com.au/shop/productdetails/64837",
    "img": "https://cdn0.woolworths.media/content/wowproductimages/medium/064837.jpg",
    "price": 1.1,
    "quantity": 0.095,
    "unitPrice": 11.58
  },
  {
    "name": "Woolworths Tuna Tikka Masala",
    "url": "https://www.woolworths.com.au/shop/productdetails/194216",
    "img": "https://cdn0.woolworths.media/content/wowproductimages/medium/194216.jpg",
    "price": 1.1,
    "quantity": 0.095,
    "unitPrice": 11.58
  },
  {
    "name": "Sweet Haven Sticky Date Pudding",
    "url": "https://www.aldi.com.au/en/groceries/limited-time-only/limited-time-only-detail/ps/p/sweet-haven-sticky-date-pudding-475g/",
    "img": "https://www.aldi.com.au/fileadmin/_processed_/b/8/csm_1000274-1_LTO_1x1__W32__228x128_8_RET_59e4a50537.png",
    "price": 5.49,
    "quantity": 0.475,
    "unitPrice": 11.6
  },
  {
    "name": "Sweet Haven Sticky Date Pudding",
    "url": "https://www.aldi.com.au/en/groceries/limited-time-only/limited-time-only-detail/ps/p/sweet-haven-sticky-date-pudding-475g/",
    "img": "https://www.aldi.com.au/fileadmin/_processed_/b/8/csm_1000274-1_LTO_1x1__W32__228x128_8_RET_59e4a50537.png",
    "price": 5.49,
    "quantity": 0.475,
    "unitPrice": 11.6
  },
  {
    "name": "Strawberries",
    "url": "https://www.coles.com.au/product/coles-strawberries-250g-5191256",
    "img": "https://productimages.coles.com.au/productimages/5/5191256.jpg",
    "price": 2.9,
    "quantity": 0.25,
    "unitPrice": 11.6
  },
  {
    "name": "Buttermilk Pancake Shake",
    "url": "https://www.coles.com.au/product/greens-buttermilk-pancake-shake-190g-6064028",
    "img": "https://productimages.coles.com.au/productimages/6/6064028.jpg",
    "price": 2.2,
    "quantity": 0.19,
    "unitPrice": 11.6
  },
  {
    "name": "Gluten Free Devil's Food Cake Mix",
    "url": "https://www.coles.com.au/product/betty-crocker-gluten-free-devil's-food-cake-mix-550g-2255498",
    "img": "https://productimages.coles.com.au/productimages/2/2255498.jpg",
    "price": 6.4,
    "quantity": 0.55,
    "unitPrice": 11.6
  },
  {
    "name": "Rice Bubbles Puffed Rice Breakfast Cereal",
    "url": "https://www.coles.com.au/product/kellogg's-rice-bubbles-puffed-rice-breakfast-cereal-860g-5103940",
    "img": "https://productimages.coles.com.au/productimages/5/5103940.jpg",
    "price": 10,
    "quantity": 0.86,
    "unitPrice": 11.6
  },
  {
    "name": "2 Minute Instant Noodles Chicken Flavour 12 Pack",
    "url": "https://www.coles.com.au/product/maggi-2-minute-instant-noodles-chicken-flavour-12-pack-864g-1616626",
    "img": "https://productimages.coles.com.au/productimages/1/1616626.jpg",
    "price": 10,
    "quantity": 0.864,
    "unitPrice": 11.6
  },
  {
    "name": "2 Minute Instant Noodles Chicken Flavour 12 Pack",
    "url": "https://www.coles.com.au/product/maggi-2-minute-instant-noodles-chicken-flavour-12-pack-864g-1616626",
    "img": "https://productimages.coles.com.au/productimages/1/1616626.jpg",
    "price": 10,
    "quantity": 0.864,
    "unitPrice": 11.6
  },
  {
    "name": "Gluten Free Gnocchi",
    "url": "https://www.coles.com.au/product/simply-wize-gluten-free-gnocchi-500g-7572986",
    "img": "https://productimages.coles.com.au/productimages/7/7572986.jpg",
    "price": 5.8,
    "quantity": 0.5,
    "unitPrice": 11.6
  },
  {
    "name": "Apple Sauce",
    "url": "https://www.coles.com.au/product/three-threes-apple-sauce-250g-6986350",
    "img": "https://productimages.coles.com.au/productimages/6/6986350.jpg",
    "price": 2.9,
    "quantity": 0.25,
    "unitPrice": 11.6
  },
  {
    "name": "Apple Sauce",
    "url": "https://www.coles.com.au/product/three-threes-apple-sauce-250g-6986350",
    "img": "https://productimages.coles.com.au/productimages/6/6986350.jpg",
    "price": 2.9,
    "quantity": 0.25,
    "unitPrice": 11.6
  },
  {
    "name": "Traveller Microwavable Classic Beef Pie",
    "url": "https://www.coles.com.au/product/four-n-twenty-traveller-microwavable-classic-beef-pie-160g-3542553",
    "img": "https://productimages.coles.com.au/productimages/3/3542553.jpg",
    "price": 1.85,
    "quantity": 0.16,
    "unitPrice": 11.6
  },
  {
    "name": "Traveller Microwavable Beef Cheese & Bacon Pie",
    "url": "https://www.coles.com.au/product/four-n-twenty-traveller-microwavable-beef-cheese-&-bacon-pie-160g-3542564",
    "img": "https://productimages.coles.com.au/productimages/3/3542564.jpg",
    "price": 1.85,
    "quantity": 0.16,
    "unitPrice": 11.6
  },
  {
    "name": "Maxibon Ice Cream Waffle 4 Pack",
    "url": "https://www.coles.com.au/product/peters-maxibon-ice-cream-waffle-4-pack-560ml-5018579",
    "img": "https://productimages.coles.com.au/productimages/5/5018579.jpg",
    "price": 6.5,
    "quantity": 0.56,
    "unitPrice": 11.6
  },
  {
    "name": "Maxibon Ice Cream Caramel Rough Nut 4pack",
    "url": "https://www.coles.com.au/product/peters-maxibon-ice-cream-caramel-rough-nut-4pack-560ml-6143703",
    "img": "https://productimages.coles.com.au/productimages/6/6143703.jpg",
    "price": 6.5,
    "quantity": 0.56,
    "unitPrice": 11.6
  },
  {
    "name": "Maxibon Ice Cream Honeycomb 4 pack",
    "url": "https://www.coles.com.au/product/peters-maxibon-ice-cream-honeycomb-4-pack-560ml-6143714",
    "img": "https://productimages.coles.com.au/productimages/6/6143714.jpg",
    "price": 6.5,
    "quantity": 0.56,
    "unitPrice": 11.6
  },
  {
    "name": "Maxibon Ice Cream Monster Cookie 4 pack",
    "url": "https://www.coles.com.au/product/peters-maxibon-ice-cream-monster-cookie-4-pack-560ml-6143736",
    "img": "https://productimages.coles.com.au/productimages/6/6143736.jpg",
    "price": 6.5,
    "quantity": 0.56,
    "unitPrice": 11.6
  },
  {
    "name": "Maxibon Ice Cream Original Vanilla 4 pack",
    "url": "https://www.coles.com.au/product/peters-maxibon-ice-cream-original-vanilla-4-pack-560ml-6143747",
    "img": "https://productimages.coles.com.au/productimages/6/6143747.jpg",
    "price": 6.5,
    "quantity": 0.56,
    "unitPrice": 11.6
  },
  {
    "name": "Maxibon Ice Cream Thats Mint 4 Pack",
    "url": "https://www.coles.com.au/product/peters-maxibon-ice-cream-thats-mint-4-pack-560ml-6143769",
    "img": "https://productimages.coles.com.au/productimages/6/6143769.jpg",
    "price": 6.5,
    "quantity": 0.56,
    "unitPrice": 11.6
  },
  {
    "name": "Traveller Microwavable Classic Beef Pie",
    "url": "https://www.coles.com.au/product/four-n-twenty-traveller-microwavable-classic-beef-pie-160g-3542553",
    "img": "https://productimages.coles.com.au/productimages/3/3542553.jpg",
    "price": 1.85,
    "quantity": 0.16,
    "unitPrice": 11.6
  },
  {
    "name": "Traveller Microwavable Beef Cheese & Bacon Pie",
    "url": "https://www.coles.com.au/product/four-n-twenty-traveller-microwavable-beef-cheese-&-bacon-pie-160g-3542564",
    "img": "https://productimages.coles.com.au/productimages/3/3542564.jpg",
    "price": 1.85,
    "quantity": 0.16,
    "unitPrice": 11.6
  },
  {
    "name": "Maxibon Ice Cream Waffle 4 Pack",
    "url": "https://www.coles.com.au/product/peters-maxibon-ice-cream-waffle-4-pack-560ml-5018579",
    "img": "https://productimages.coles.com.au/productimages/5/5018579.jpg",
    "price": 6.5,
    "quantity": 0.56,
    "unitPrice": 11.6
  },
  {
    "name": "Maxibon Ice Cream Caramel Rough Nut 4pack",
    "url": "https://www.coles.com.au/product/peters-maxibon-ice-cream-caramel-rough-nut-4pack-560ml-6143703",
    "img": "https://productimages.coles.com.au/productimages/6/6143703.jpg",
    "price": 6.5,
    "quantity": 0.56,
    "unitPrice": 11.6
  },
  {
    "name": "Maxibon Ice Cream Honeycomb 4 pack",
    "url": "https://www.coles.com.au/product/peters-maxibon-ice-cream-honeycomb-4-pack-560ml-6143714",
    "img": "https://productimages.coles.com.au/productimages/6/6143714.jpg",
    "price": 6.5,
    "quantity": 0.56,
    "unitPrice": 11.6
  },
  {
    "name": "Maxibon Ice Cream Monster Cookie 4 pack",
    "url": "https://www.coles.com.au/product/peters-maxibon-ice-cream-monster-cookie-4-pack-560ml-6143736",
    "img": "https://productimages.coles.com.au/productimages/6/6143736.jpg",
    "price": 6.5,
    "quantity": 0.56,
    "unitPrice": 11.6
  },
  {
    "name": "Maxibon Ice Cream Original Vanilla 4 pack",
    "url": "https://www.coles.com.au/product/peters-maxibon-ice-cream-original-vanilla-4-pack-560ml-6143747",
    "img": "https://productimages.coles.com.au/productimages/6/6143747.jpg",
    "price": 6.5,
    "quantity": 0.56,
    "unitPrice": 11.6
  },
  {
    "name": "Maxibon Ice Cream Thats Mint 4 Pack",
    "url": "https://www.coles.com.au/product/peters-maxibon-ice-cream-thats-mint-4-pack-560ml-6143769",
    "img": "https://productimages.coles.com.au/productimages/6/6143769.jpg",
    "price": 6.5,
    "quantity": 0.56,
    "unitPrice": 11.6
  },
  {
    "name": "Nuttelex Olive Table Spread",
    "url": "https://www.woolworths.com.au/shop/productdetails/320268",
    "img": "https://cdn0.woolworths.media/content/wowproductimages/medium/320268.jpg",
    "price": 5.8,
    "quantity": 0.5,
    "unitPrice": 11.6
  },
  {
    "name": "Kellogg's Rice Bubbles Puffed Rice Breakfast Cereal",
    "url": "https://www.woolworths.com.au/shop/productdetails/203930",
    "img": "https://cdn0.woolworths.media/content/wowproductimages/medium/203930.jpg",
    "price": 10,
    "quantity": 0.86,
    "unitPrice": 11.6
  },
  {
    "name": "Trident Chilli Sauce Sweet Chilli",
    "url": "https://www.woolworths.com.au/shop/productdetails/24765",
    "img": "https://cdn0.woolworths.media/content/wowproductimages/medium/024765.jpg",
    "price": 3.3,
    "quantity": 0.285,
    "unitPrice": 11.6
  },
  {
    "name": "Skinless Hot Dog",
    "url": "https://www.coles.com.au/product/plumrose-skinless-hot-dog-560g-5926057",
    "img": "https://productimages.coles.com.au/productimages/5/5926057.jpg",
    "price": 6.5,
    "quantity": 0.56,
    "unitPrice": 11.61
  },
  {
    "name": "Skinless Hot Dog",
    "url": "https://www.coles.com.au/product/plumrose-skinless-hot-dog-560g-5926057",
    "img": "https://productimages.coles.com.au/productimages/5/5926057.jpg",
    "price": 6.5,
    "quantity": 0.56,
    "unitPrice": 11.61
  },
  {
    "name": "Sweetened Dried Cranberries",
    "url": "https://www.coles.com.au/product/coles-sweetened-dried-cranberries-150g-2749410",
    "img": "https://productimages.coles.com.au/productimages/2/2749410.jpg",
    "price": 1.75,
    "quantity": 0.15,
    "unitPrice": 11.67
  },
  {
    "name": "Nestle Carnation Lite Cooking Cream",
    "url": "https://www.woolworths.com.au/shop/productdetails/150173",
    "img": "https://cdn0.woolworths.media/content/wowproductimages/medium/150173.jpg",
    "price": 3.5,
    "quantity": 0.3,
    "unitPrice": 11.67
  },
  {
    "name": "Woolworths 8 Beef Sausages",
    "url": "https://www.woolworths.com.au/shop/productdetails/820196",
    "img": "https://cdn0.woolworths.media/content/wowproductimages/medium/820196.jpg",
    "price": 7,
    "quantity": 0.6,
    "unitPrice": 11.67
  },
  {
    "name": "Woolworths 8 Beef Sausages Herb & Garlic",
    "url": "https://www.woolworths.com.au/shop/productdetails/820199",
    "img": "https://cdn0.woolworths.media/content/wowproductimages/medium/820199.jpg",
    "price": 7,
    "quantity": 0.6,
    "unitPrice": 11.67
  },
  {
    "name": "Woolworths 8 Pork Sausages",
    "url": "https://www.woolworths.com.au/shop/productdetails/820810",
    "img": "https://cdn0.woolworths.media/content/wowproductimages/medium/820810.jpg",
    "price": 7,
    "quantity": 0.6,
    "unitPrice": 11.67
  },
  {
    "name": "Woolworths 10 Thin Beef Sausages",
    "url": "https://www.woolworths.com.au/shop/productdetails/162378",
    "img": "https://cdn0.woolworths.media/content/wowproductimages/medium/162378.jpg",
    "price": 7,
    "quantity": 0.6,
    "unitPrice": 11.67
  },
  {
    "name": "Woolworths 8 Beef Sausages Honey Flavoured",
    "url": "https://www.woolworths.com.au/shop/productdetails/820198",
    "img": "https://cdn0.woolworths.media/content/wowproductimages/medium/820198.jpg",
    "price": 7,
    "quantity": 0.6,
    "unitPrice": 11.67
  },
  {
    "name": "Woolworths 16 Beef Chipolatas",
    "url": "https://www.woolworths.com.au/shop/productdetails/820197",
    "img": "https://cdn0.woolworths.media/content/wowproductimages/medium/820197.jpg",
    "price": 7,
    "quantity": 0.6,
    "unitPrice": 11.67
  },
  {
    "name": "Woolworths 8 Chicken Sausages",
    "url": "https://www.woolworths.com.au/shop/productdetails/825120",
    "img": "https://cdn0.woolworths.media/content/wowproductimages/medium/825120.jpg",
    "price": 7,
    "quantity": 0.6,
    "unitPrice": 11.67
  },
  {
    "name": "Woolworths 16 Pork Chipolatas",
    "url": "https://www.woolworths.com.au/shop/productdetails/820811",
    "img": "https://cdn0.woolworths.media/content/wowproductimages/medium/820811.jpg",
    "price": 7,
    "quantity": 0.6,
    "unitPrice": 11.67
  },
  {
    "name": "Woolworths Cranberries",
    "url": "https://www.woolworths.com.au/shop/productdetails/726369",
    "img": "https://cdn0.woolworths.media/content/wowproductimages/medium/726369.jpg",
    "price": 1.75,
    "quantity": 0.15,
    "unitPrice": 11.67
  },
  {
    "name": "Thickened Cream",
    "url": "https://www.coles.com.au/product/bulla-thickened-cream-300ml-381323",
    "img": "https://productimages.coles.com.au/productimages/3/381323.jpg",
    "price": 3.5,
    "quantity": 0.3,
    "unitPrice": 11.7
  },
  {
    "name": "Light Thickened Cream",
    "url": "https://www.coles.com.au/product/bulla-light-thickened-cream-300ml-5089012",
    "img": "https://productimages.coles.com.au/productimages/5/5089012.jpg",
    "price": 3.5,
    "quantity": 0.3,
    "unitPrice": 11.7
  },
  {
    "name": "Organic Soup Pumpkin & Ginger",
    "url": "https://www.coles.com.au/product/pitango-organic-soup-pumpkin-&-ginger-600g-4207190",
    "img": "https://productimages.coles.com.au/productimages/4/4207190.jpg",
    "price": 7,
    "quantity": 0.6,
    "unitPrice": 11.7
  },
  {
    "name": "Gluten Free Pancake Shake Mix Buttermilk",
    "url": "https://www.coles.com.au/product/green's-gluten-free-pancake-shake-mix-buttermilk-300g-2516730",
    "img": "https://productimages.coles.com.au/productimages/2/2516730.jpg",
    "price": 3.5,
    "quantity": 0.3,
    "unitPrice": 11.7
  },
  {
    "name": "Ramyun Noodle Soup 5 Pack",
    "url": "https://www.coles.com.au/product/nongshim-ramyun-noodle-soup-5-pack-600g-3581293",
    "img": "https://productimages.coles.com.au/productimages/3/3581293.jpg",
    "price": 7,
    "quantity": 0.6,
    "unitPrice": 11.7
  },
  {
    "name": "Ramyun Noodle Soup 5 Pack",
    "url": "https://www.coles.com.au/product/nongshim-ramyun-noodle-soup-5-pack-600g-3581293",
    "img": "https://productimages.coles.com.au/productimages/3/3581293.jpg",
    "price": 7,
    "quantity": 0.6,
    "unitPrice": 11.7
  },
  {
    "name": "Korma Paste",
    "url": "https://www.coles.com.au/product/curry-&-co-korma-paste-240g-4182362",
    "img": "https://productimages.coles.com.au/productimages/4/4182362.jpg",
    "price": 2.8,
    "quantity": 0.24,
    "unitPrice": 11.7
  },
  {
    "name": "Tikka Masala Paste",
    "url": "https://www.coles.com.au/product/curry-&-co-tikka-masala-paste-240g-4182395",
    "img": "https://productimages.coles.com.au/productimages/4/4182395.jpg",
    "price": 2.8,
    "quantity": 0.24,
    "unitPrice": 11.7
  },
  {
    "name": "Massaman Curry Paste",
    "url": "https://www.coles.com.au/product/curry-&-co-massaman-curry-paste-240g-4312016",
    "img": "https://productimages.coles.com.au/productimages/4/4312016.jpg",
    "price": 2.8,
    "quantity": 0.24,
    "unitPrice": 11.7
  },
  {
    "name": "Red Curry Paste",
    "url": "https://www.coles.com.au/product/curry-&-co-red-curry-paste-240g-4312027",
    "img": "https://productimages.coles.com.au/productimages/4/4312027.jpg",
    "price": 2.8,
    "quantity": 0.24,
    "unitPrice": 11.7
  },
  {
    "name": "Green Curry Paste",
    "url": "https://www.coles.com.au/product/curry-&-co-green-curry-paste-240g-4312038",
    "img": "https://productimages.coles.com.au/productimages/4/4312038.jpg",
    "price": 2.8,
    "quantity": 0.24,
    "unitPrice": 11.7
  },
  {
    "name": "Jin Ramen Mild 5x120g",
    "url": "https://www.coles.com.au/product/ottogi-jin-ramen-mild-5x120g-600g-4677401",
    "img": "https://productimages.coles.com.au/productimages/4/4677401.jpg",
    "price": 7,
    "quantity": 0.6,
    "unitPrice": 11.7
  },
  {
    "name": "Jin Ramen Spicy 5x120g",
    "url": "https://www.coles.com.au/product/ottogi-jin-ramen-spicy-5x120g-600g-4677412",
    "img": "https://productimages.coles.com.au/productimages/4/4677412.jpg",
    "price": 7,
    "quantity": 0.6,
    "unitPrice": 11.7
  },
  {
    "name": "Pure Honey Twist & Squeeze",
    "url": "https://www.coles.com.au/product/the-honey-collective-co-pure-honey-twist-&-squeeze-375g-4248573",
    "img": "https://productimages.coles.com.au/productimages/4/4248573.jpg",
    "price": 4.4,
    "quantity": 0.375,
    "unitPrice": 11.7
  },
  {
    "name": "Feta & Spinach Gozleme",
    "url": "https://www.coles.com.au/product/borg's-feta-&-spinach-gozleme-300g-3842003",
    "img": "https://productimages.coles.com.au/productimages/3/3842003.jpg",
    "price": 3.5,
    "quantity": 0.3,
    "unitPrice": 11.7
  },
  {
    "name": "Gozleme Lamb & Spinach",
    "url": "https://www.coles.com.au/product/borg's-gozleme-lamb-&-spinach-300g-3842681",
    "img": "https://productimages.coles.com.au/productimages/3/3842681.jpg",
    "price": 3.5,
    "quantity": 0.3,
    "unitPrice": 11.7
  },
  {
    "name": "Feta & Spinach Gozleme",
    "url": "https://www.coles.com.au/product/borg's-feta-&-spinach-gozleme-300g-3842003",
    "img": "https://productimages.coles.com.au/productimages/3/3842003.jpg",
    "price": 3.5,
    "quantity": 0.3,
    "unitPrice": 11.7
  },
  {
    "name": "Gozleme Lamb & Spinach",
    "url": "https://www.coles.com.au/product/borg's-gozleme-lamb-&-spinach-300g-3842681",
    "img": "https://productimages.coles.com.au/productimages/3/3842681.jpg",
    "price": 3.5,
    "quantity": 0.3,
    "unitPrice": 11.7
  },
  {
    "name": "Mighty Soft Fruit Loaf Cafe Style",
    "url": "https://www.woolworths.com.au/shop/productdetails/957684",
    "img": "https://cdn0.woolworths.media/content/wowproductimages/medium/957684.jpg",
    "price": 7,
    "quantity": 0.6,
    "unitPrice": 11.7
  },
  {
    "name": "Belvita Chocolate Breakfast Biscuits 6 Pack",
    "url": "https://www.woolworths.com.au/shop/productdetails/786364",
    "img": "https://cdn0.woolworths.media/content/wowproductimages/medium/786364.jpg",
    "price": 3.5,
    "quantity": 0.3,
    "unitPrice": 11.7
  },
  {
    "name": "Belvita Honey & Nut Breakfast Biscuits 6 Pack",
    "url": "https://www.woolworths.com.au/shop/productdetails/738494",
    "img": "https://cdn0.woolworths.media/content/wowproductimages/medium/738494.jpg",
    "price": 3.5,
    "quantity": 0.3,
    "unitPrice": 11.7
  },
  {
    "name": "Belvita Milk & Cereals Breakfast Biscuits 6 Pack",
    "url": "https://www.woolworths.com.au/shop/productdetails/715921",
    "img": "https://cdn0.woolworths.media/content/wowproductimages/medium/715921.jpg",
    "price": 3.5,
    "quantity": 0.3,
    "unitPrice": 11.7
  },
  {
    "name": "Belvita Fruit & Fibre Breakfast Biscuits 6 Pack",
    "url": "https://www.woolworths.com.au/shop/productdetails/715942",
    "img": "https://cdn0.woolworths.media/content/wowproductimages/medium/715942.jpg",
    "price": 3.5,
    "quantity": 0.3,
    "unitPrice": 11.7
  },
  {
    "name": "Cloverdale Pure Honey Twist & Squeeze",
    "url": "https://www.woolworths.com.au/shop/productdetails/89159",
    "img": "https://cdn0.woolworths.media/content/wowproductimages/medium/089159.jpg",
    "price": 4.4,
    "quantity": 0.375,
    "unitPrice": 11.7
  },
  {
    "name": "Garland Figs 12 Pack",
    "url": "https://www.coles.com.au/product/coles-garland-figs-12-pack-375g-3365629",
    "img": "https://productimages.coles.com.au/productimages/3/3365629.jpg",
    "price": 4.4,
    "quantity": 0.375,
    "unitPrice": 11.73
  },
  {
    "name": "Woolworths Figs",
    "url": "https://www.woolworths.com.au/shop/productdetails/726372",
    "img": "https://cdn0.woolworths.media/content/wowproductimages/medium/726372.jpg",
    "price": 4.4,
    "quantity": 0.375,
    "unitPrice": 11.73
  },
  {
    "name": "Dried Pitted Prunes",
    "url": "https://www.coles.com.au/product/coles-dried-pitted-prunes-1kg-3559465",
    "img": "https://productimages.coles.com.au/productimages/3/3559465.jpg",
    "price": 11.75,
    "quantity": 1,
    "unitPrice": 11.75
  },
  {
    "name": "Vegetables & Steak",
    "url": "https://www.coles.com.au/product/harvest-vegetables-&-steak-425g-125301",
    "img": "https://productimages.coles.com.au/productimages/1/125301.jpg",
    "price": 5,
    "quantity": 0.425,
    "unitPrice": 11.76
  },
  {
    "name": "Hearty Irish Stew",
    "url": "https://www.coles.com.au/product/harvest-hearty-irish-stew-425g-125323",
    "img": "https://productimages.coles.com.au/productimages/1/125323.jpg",
    "price": 5,
    "quantity": 0.425,
    "unitPrice": 11.76
  },
  {
    "name": "Vegetables & Sausages",
    "url": "https://www.coles.com.au/product/harvest-vegetables-&-sausages-425g-125334",
    "img": "https://productimages.coles.com.au/productimages/1/125334.jpg",
    "price": 5,
    "quantity": 0.425,
    "unitPrice": 11.76
  },
  {
    "name": "Pacific Tuna Chunks Italian In Olive Oil",
    "url": "https://www.coles.com.au/product/coles-pacific-tuna-chunks-italian-in-olive-oil-425g-3544322",
    "img": "https://productimages.coles.com.au/productimages/3/3544322.jpg",
    "price": 5,
    "quantity": 0.425,
    "unitPrice": 11.76
  },
  {
    "name": "Braised Steak & Onions",
    "url": "https://www.coles.com.au/product/harvest-braised-steak-&-onions-425g-5227820",
    "img": "https://productimages.coles.com.au/productimages/5/5227820.jpg",
    "price": 5,
    "quantity": 0.425,
    "unitPrice": 11.76
  },
  {
    "name": "Vegetables & Steak",
    "url": "https://www.coles.com.au/product/harvest-vegetables-&-steak-425g-125301",
    "img": "https://productimages.coles.com.au/productimages/1/125301.jpg",
    "price": 5,
    "quantity": 0.425,
    "unitPrice": 11.76
  },
  {
    "name": "Hearty Irish Stew",
    "url": "https://www.coles.com.au/product/harvest-hearty-irish-stew-425g-125323",
    "img": "https://productimages.coles.com.au/productimages/1/125323.jpg",
    "price": 5,
    "quantity": 0.425,
    "unitPrice": 11.76
  },
  {
    "name": "Vegetables & Sausages",
    "url": "https://www.coles.com.au/product/harvest-vegetables-&-sausages-425g-125334",
    "img": "https://productimages.coles.com.au/productimages/1/125334.jpg",
    "price": 5,
    "quantity": 0.425,
    "unitPrice": 11.76
  },
  {
    "name": "Pacific Tuna Chunks Italian In Olive Oil",
    "url": "https://www.coles.com.au/product/coles-pacific-tuna-chunks-italian-in-olive-oil-425g-3544322",
    "img": "https://productimages.coles.com.au/productimages/3/3544322.jpg",
    "price": 5,
    "quantity": 0.425,
    "unitPrice": 11.76
  },
  {
    "name": "Braised Steak & Onions",
    "url": "https://www.coles.com.au/product/harvest-braised-steak-&-onions-425g-5227820",
    "img": "https://productimages.coles.com.au/productimages/5/5227820.jpg",
    "price": 5,
    "quantity": 0.425,
    "unitPrice": 11.76
  },
  {
    "name": "Lemon Crumbed Fish Fillets",
    "url": "https://www.coles.com.au/product/i&j-lemon-crumbed-fish-fillets-425g-5489600",
    "img": "https://productimages.coles.com.au/productimages/5/5489600.jpg",
    "price": 5,
    "quantity": 0.425,
    "unitPrice": 11.76
  },
  {
    "name": "Beer Battered Fish Fillets",
    "url": "https://www.coles.com.au/product/i&j-beer-battered-fish-fillets-425g-5489860",
    "img": "https://productimages.coles.com.au/productimages/5/5489860.jpg",
    "price": 5,
    "quantity": 0.425,
    "unitPrice": 11.76
  },
  {
    "name": "Lemon Crumbed Fish Fillets",
    "url": "https://www.coles.com.au/product/i&j-lemon-crumbed-fish-fillets-425g-5489600",
    "img": "https://productimages.coles.com.au/productimages/5/5489600.jpg",
    "price": 5,
    "quantity": 0.425,
    "unitPrice": 11.76
  },
  {
    "name": "Beer Battered Fish Fillets",
    "url": "https://www.coles.com.au/product/i&j-beer-battered-fish-fillets-425g-5489860",
    "img": "https://productimages.coles.com.au/productimages/5/5489860.jpg",
    "price": 5,
    "quantity": 0.425,
    "unitPrice": 11.76
  },
  {
    "name": "Blueberry Blueberries Punnet",
    "url": "https://www.woolworths.com.au/shop/productdetails/53192",
    "img": "https://cdn0.woolworths.media/content/wowproductimages/medium/053192.jpg",
    "price": 2,
    "quantity": 0.17,
    "unitPrice": 11.76
  },
  {
    "name": "Woolworths Yellowfin Tuna In Oil",
    "url": "https://www.woolworths.com.au/shop/productdetails/941593",
    "img": "https://cdn0.woolworths.media/content/wowproductimages/medium/941593.jpg",
    "price": 5,
    "quantity": 0.425,
    "unitPrice": 11.76
  },
  {
    "name": "Tri Colour Capsicum",
    "url": "https://www.coles.com.au/product/coles-tri-colour-capsicum-500g-4841072",
    "img": "https://productimages.coles.com.au/productimages/4/4841072.jpg",
    "price": 5.9,
    "quantity": 0.5,
    "unitPrice": 11.8
  },
  {
    "name": "Reduced Fat Ricotta",
    "url": "https://www.coles.com.au/product/la-casa-del-formaggio-reduced-fat-ricotta-approx.-100g-3218409",
    "img": "https://productimages.coles.com.au/productimages/3/3218409.jpg",
    "price": 1.18,
    "quantity": 0.1,
    "unitPrice": 11.8
  },
  {
    "name": "Unbelievably Good Banana Bread Mix",
    "url": "https://www.coles.com.au/product/white-wings-unbelievably-good-banana-bread-mix-510g-5497573",
    "img": "https://productimages.coles.com.au/productimages/5/5497573.jpg",
    "price": 6,
    "quantity": 0.51,
    "unitPrice": 11.8
  },
  {
    "name": "Goodness Bowl Wholegrain Flakes Apple Raspberry And Coconut",
    "url": "https://www.coles.com.au/product/uncle-tobys-goodness-bowl-wholegrain-flakes-apple-raspberry-and-coconut-550g-4308325",
    "img": "https://productimages.coles.com.au/productimages/4/4308325.jpg",
    "price": 6.5,
    "quantity": 0.55,
    "unitPrice": 11.8
  },
  {
    "name": "Mi Goreng Fried Instant Noodles",
    "url": "https://www.coles.com.au/product/indomie-mi-goreng-fried-instant-noodles-85g-5252780",
    "img": "https://productimages.coles.com.au/productimages/5/5252780.jpg",
    "price": 1,
    "quantity": 0.085,
    "unitPrice": 11.8
  },
  {
    "name": "Sweet Chilli Sauce",
    "url": "https://www.coles.com.au/product/mae-ploy-sweet-chilli-sauce-280ml-5305093",
    "img": "https://productimages.coles.com.au/productimages/5/5305093.jpg",
    "price": 3.3,
    "quantity": 0.28,
    "unitPrice": 11.8
  },
  {
    "name": "Tagliatelle Nest Pasta",
    "url": "https://www.coles.com.au/product/delverde-tagliatelle-nest-pasta-250g-5001463",
    "img": "https://productimages.coles.com.au/productimages/5/5001463.jpg",
    "price": 2.95,
    "quantity": 0.25,
    "unitPrice": 11.8
  },
  {
    "name": "Fettucine Nest Pasta",
    "url": "https://www.coles.com.au/product/delverde-fettucine-nest-pasta-250g-5001496",
    "img": "https://productimages.coles.com.au/productimages/5/5001496.jpg",
    "price": 2.95,
    "quantity": 0.25,
    "unitPrice": 11.8
  },
  {
    "name": "Fusilli Pasta",
    "url": "https://www.coles.com.au/product/delverde-fusilli-pasta-250g-5001521",
    "img": "https://productimages.coles.com.au/productimages/5/5001521.jpg",
    "price": 2.95,
    "quantity": 0.25,
    "unitPrice": 11.8
  },
  {
    "name": "Penne Rigate Pasta",
    "url": "https://www.coles.com.au/product/delverde-penne-rigate-pasta-250g-5001554",
    "img": "https://productimages.coles.com.au/productimages/5/5001554.jpg",
    "price": 2.95,
    "quantity": 0.25,
    "unitPrice": 11.8
  },
  {
    "name": "Vanilla Sugar Free Maple Flavoured Syrup",
    "url": "https://www.coles.com.au/product/queen-vanilla-sugar-free-maple-flavoured-syrup-355ml-4387106",
    "img": "https://productimages.coles.com.au/productimages/4/4387106.jpg",
    "price": 4.2,
    "quantity": 0.355,
    "unitPrice": 11.8
  },
  {
    "name": "Sugar Free Maple Flavoured Syrup",
    "url": "https://www.coles.com.au/product/queen-sugar-free-maple-flavoured-syrup-355ml-4692176",
    "img": "https://productimages.coles.com.au/productimages/4/4692176.jpg",
    "price": 4.2,
    "quantity": 0.355,
    "unitPrice": 11.8
  },
  {
    "name": "Vanilla Sugar Free Maple Flavoured Syrup",
    "url": "https://www.coles.com.au/product/queen-vanilla-sugar-free-maple-flavoured-syrup-355ml-4387106",
    "img": "https://productimages.coles.com.au/productimages/4/4387106.jpg",
    "price": 4.2,
    "quantity": 0.355,
    "unitPrice": 11.8
  },
  {
    "name": "Sugar Free Maple Flavoured Syrup",
    "url": "https://www.coles.com.au/product/queen-sugar-free-maple-flavoured-syrup-355ml-4692176",
    "img": "https://productimages.coles.com.au/productimages/4/4692176.jpg",
    "price": 4.2,
    "quantity": 0.355,
    "unitPrice": 11.8
  },
  {
    "name": "Pace Farm 18 Large Free Range Eggs",
    "url": "https://www.woolworths.com.au/shop/productdetails/655429",
    "img": "https://cdn0.woolworths.media/content/wowproductimages/medium/655429.jpg",
    "price": 10.6,
    "quantity": 0.9,
    "unitPrice": 11.8
  },
  {
    "name": "Zespri Sungold Kiwifruit Punnet",
    "url": "https://www.woolworths.com.au/shop/productdetails/621085",
    "img": "https://cdn0.woolworths.media/content/wowproductimages/medium/621085.jpg",
    "price": 5.9,
    "quantity": 0.5,
    "unitPrice": 11.8
  },
  {
    "name": "Jalna Natural Greek Yoghurt",
    "url": "https://www.woolworths.com.au/shop/productdetails/877065",
    "img": "https://cdn0.woolworths.media/content/wowproductimages/medium/877065.jpg",
    "price": 2,
    "quantity": 0.17,
    "unitPrice": 11.8
  },
  {
    "name": "Barilla Collezione Lasagne",
    "url": "https://www.woolworths.com.au/shop/productdetails/195952",
    "img": "https://cdn0.woolworths.media/content/wowproductimages/medium/195952.jpg",
    "price": 2.95,
    "quantity": 0.25,
    "unitPrice": 11.8
  },
  {
    "name": "Cloverdale Pure Honey Squeeze",
    "url": "https://www.woolworths.com.au/shop/productdetails/89160",
    "img": "https://cdn0.woolworths.media/content/wowproductimages/medium/089160.jpg",
    "price": 4.7,
    "quantity": 0.4,
    "unitPrice": 11.8
  },
  {
    "name": "Uncle Tobys Weeties Cereal",
    "url": "https://www.woolworths.com.au/shop/productdetails/387243",
    "img": "https://cdn0.woolworths.media/content/wowproductimages/medium/387243.jpg",
    "price": 6,
    "quantity": 0.51,
    "unitPrice": 11.8
  },
  {
    "name": "Woolworths Pesto Basil",
    "url": "https://www.woolworths.com.au/shop/productdetails/753340",
    "img": "https://cdn0.woolworths.media/content/wowproductimages/medium/753340.jpg",
    "price": 2.25,
    "quantity": 0.19,
    "unitPrice": 11.8
  },
  {
    "name": "Mae Ploy Sauce Sweet Chilli",
    "url": "https://www.woolworths.com.au/shop/productdetails/57326",
    "img": "https://cdn0.woolworths.media/content/wowproductimages/medium/057326.jpg",
    "price": 3.3,
    "quantity": 0.28,
    "unitPrice": 11.8
  },
  {
    "name": "Mutti Passata Gastronomia Baby Roma Tomatoes",
    "url": "https://www.woolworths.com.au/shop/productdetails/81719",
    "img": "https://cdn0.woolworths.media/content/wowproductimages/medium/default.png",
    "price": 4.7,
    "quantity": 0.4,
    "unitPrice": 11.8
  },
  {
    "name": "Mutti Passata Gastronomia Cherry Tomatoes",
    "url": "https://www.woolworths.com.au/shop/productdetails/81718",
    "img": "https://cdn0.woolworths.media/content/wowproductimages/medium/default.png",
    "price": 4.7,
    "quantity": 0.4,
    "unitPrice": 11.8
  },
  {
    "name": "Take Out Crunchy Chicken Burger",
    "url": "https://www.coles.com.au/product/tegels-take-out-crunchy-chicken-burger-550g-5989910",
    "img": "https://productimages.coles.com.au/productimages/5/5989910.jpg",
    "price": 6.5,
    "quantity": 0.55,
    "unitPrice": 11.82
  },
  {
    "name": "Take Out Crunchy Chicken Burger",
    "url": "https://www.coles.com.au/product/tegels-take-out-crunchy-chicken-burger-550g-5989910",
    "img": "https://productimages.coles.com.au/productimages/5/5989910.jpg",
    "price": 6.5,
    "quantity": 0.55,
    "unitPrice": 11.82
  },
  {
    "name": "Pork Luncheon Meat Round",
    "url": "https://www.coles.com.au/product/b2-pork-luncheon-meat-round-397g-1383131",
    "img": "https://productimages.coles.com.au/productimages/1/1383131.jpg",
    "price": 4.7,
    "quantity": 0.397,
    "unitPrice": 11.84
  },
  {
    "name": "Cream Cheese Spread",
    "url": "https://www.coles.com.au/product/coles-cream-cheese-spread-245g-2078326",
    "img": "https://productimages.coles.com.au/productimages/2/2078326.jpg",
    "price": 2.9,
    "quantity": 0.245,
    "unitPrice": 11.84
  },
  {
    "name": "Woolworths Cream Cheese Spread",
    "url": "https://www.woolworths.com.au/shop/productdetails/740748",
    "img": "https://cdn0.woolworths.media/content/wowproductimages/medium/740748.jpg",
    "price": 2.9,
    "quantity": 0.245,
    "unitPrice": 11.84
  },
  {
    "name": "LSA Mix",
    "url": "https://www.coles.com.au/product/coles-lsa-mix-350g-3017644",
    "img": "https://productimages.coles.com.au/productimages/3/3017644.jpg",
    "price": 4.15,
    "quantity": 0.35,
    "unitPrice": 11.86
  },
  {
    "name": "Australian Beef Burgers",
    "url": "https://www.coles.com.au/product/coles-australian-beef-burgers-800g-2700580",
    "img": "https://productimages.coles.com.au/productimages/2/2700580.jpg",
    "price": 9.5,
    "quantity": 0.8,
    "unitPrice": 11.88
  },
  {
    "name": "Australian Beef Burgers",
    "url": "https://www.coles.com.au/product/coles-australian-beef-burgers-800g-2700580",
    "img": "https://productimages.coles.com.au/productimages/2/2700580.jpg",
    "price": 9.5,
    "quantity": 0.8,
    "unitPrice": 11.88
  },
  {
    "name": "Tuna Chunks In Brine",
    "url": "https://www.coles.com.au/product/coles-tuna-chunks-in-brine-185g-5377630",
    "img": "https://productimages.coles.com.au/productimages/5/5377630.jpg",
    "price": 2.2,
    "quantity": 0.185,
    "unitPrice": 11.89
  },
  {
    "name": "Tuna Chunks In Springwater",
    "url": "https://www.coles.com.au/product/coles-tuna-chunks-in-springwater-185g-8675270",
    "img": "https://productimages.coles.com.au/productimages/8/8675270.jpg",
    "price": 2.2,
    "quantity": 0.185,
    "unitPrice": 11.89
  },
  {
    "name": "Tuna Chunks in Olive Oil Blend",
    "url": "https://www.coles.com.au/product/coles-tuna-chunks-in-olive-oil-blend-185g-8675340",
    "img": "https://productimages.coles.com.au/productimages/8/8675340.jpg",
    "price": 2.2,
    "quantity": 0.185,
    "unitPrice": 11.89
  },
  {
    "name": "Tuna Chunks In Brine",
    "url": "https://www.coles.com.au/product/coles-tuna-chunks-in-brine-185g-5377630",
    "img": "https://productimages.coles.com.au/productimages/5/5377630.jpg",
    "price": 2.2,
    "quantity": 0.185,
    "unitPrice": 11.89
  },
  {
    "name": "Tuna Chunks In Springwater",
    "url": "https://www.coles.com.au/product/coles-tuna-chunks-in-springwater-185g-8675270",
    "img": "https://productimages.coles.com.au/productimages/8/8675270.jpg",
    "price": 2.2,
    "quantity": 0.185,
    "unitPrice": 11.89
  },
  {
    "name": "Tuna Chunks in Olive Oil Blend",
    "url": "https://www.coles.com.au/product/coles-tuna-chunks-in-olive-oil-blend-185g-8675340",
    "img": "https://productimages.coles.com.au/productimages/8/8675340.jpg",
    "price": 2.2,
    "quantity": 0.185,
    "unitPrice": 11.89
  },
  {
    "name": "Fresh Loose Cup Mushrooms",
    "url": "https://www.coles.com.au/product/coles-fresh-loose-cup-mushrooms-approx.-200g-each-4594010",
    "img": "https://productimages.coles.com.au/productimages/4/4594010.jpg",
    "price": 2.38,
    "quantity": 0.2,
    "unitPrice": 11.9
  },
  {
    "name": "Choc chip & Butter Milk Pancake Shake",
    "url": "https://www.coles.com.au/product/greens-choc-chip-&-butter-milk-pancake-shake-335g-3765649",
    "img": "https://productimages.coles.com.au/productimages/3/3765649.jpg",
    "price": 4,
    "quantity": 0.335,
    "unitPrice": 11.9
  },
  {
    "name": "Extra Creamy Butter Chicken Simmer Sauce",
    "url": "https://www.coles.com.au/product/sharwood's-extra-creamy-butter-chicken-simmer-sauce-420g-3474362",
    "img": "https://productimages.coles.com.au/productimages/3/3474362.jpg",
    "price": 5,
    "quantity": 0.42,
    "unitPrice": 11.9
  },
  {
    "name": "Butter Chicken Simmer Sauce",
    "url": "https://www.coles.com.au/product/sharwood's-butter-chicken-simmer-sauce-420g-4505337",
    "img": "https://productimages.coles.com.au/productimages/4/4505337.jpg",
    "price": 5,
    "quantity": 0.42,
    "unitPrice": 11.9
  },
  {
    "name": "Tikka Masala Simmer Sauce",
    "url": "https://www.coles.com.au/product/sharwood's-tikka-masala-simmer-sauce-420g-4699357",
    "img": "https://productimages.coles.com.au/productimages/4/4699357.jpg",
    "price": 5,
    "quantity": 0.42,
    "unitPrice": 11.9
  },
  {
    "name": "Korma Simmer Sauce",
    "url": "https://www.coles.com.au/product/sharwood's-korma-simmer-sauce-420g-4699368",
    "img": "https://productimages.coles.com.au/productimages/4/4699368.jpg",
    "price": 5,
    "quantity": 0.42,
    "unitPrice": 11.9
  },
  {
    "name": "Oyster Sauce",
    "url": "https://www.coles.com.au/product/ayam-oyster-sauce-420ml-6165772",
    "img": "https://productimages.coles.com.au/productimages/6/6165772.jpg",
    "price": 5,
    "quantity": 0.42,
    "unitPrice": 11.9
  },
  {
    "name": "Cage Free Mayonnaise",
    "url": "https://www.coles.com.au/product/s&w-cage-free-mayonnaise-880g-6140181",
    "img": "https://productimages.coles.com.au/productimages/6/6140181.jpg",
    "price": 10.5,
    "quantity": 0.88,
    "unitPrice": 11.9
  },
  {
    "name": "Cage Free Mayonnaise",
    "url": "https://www.coles.com.au/product/s&w-cage-free-mayonnaise-880g-6140181",
    "img": "https://productimages.coles.com.au/productimages/6/6140181.jpg",
    "price": 10.5,
    "quantity": 0.88,
    "unitPrice": 11.9
  },
  {
    "name": "Cherry Tomato Parmigiano Reggiano Pasta Sauce",
    "url": "https://www.coles.com.au/product/sacla-cherry-tomato-parmigiano-reggiano-pasta-sauce-420g-2348497",
    "img": "https://productimages.coles.com.au/productimages/2/2348497.jpg",
    "price": 5,
    "quantity": 0.42,
    "unitPrice": 11.9
  },
  {
    "name": "Cherry Tomato & Roast Garlic Pasta Sauce",
    "url": "https://www.coles.com.au/product/sacla-cherry-tomato-&-roast-garlic-pasta-sauce-420g-2862923",
    "img": "https://productimages.coles.com.au/productimages/2/2862923.jpg",
    "price": 5,
    "quantity": 0.42,
    "unitPrice": 11.9
  },
  {
    "name": "Extra Creamy Butter Chicken Simmer Sauce",
    "url": "https://www.coles.com.au/product/sharwood's-extra-creamy-butter-chicken-simmer-sauce-420g-3474362",
    "img": "https://productimages.coles.com.au/productimages/3/3474362.jpg",
    "price": 5,
    "quantity": 0.42,
    "unitPrice": 11.9
  },
  {
    "name": "Butter Chicken Simmer Sauce",
    "url": "https://www.coles.com.au/product/sharwood's-butter-chicken-simmer-sauce-420g-4505337",
    "img": "https://productimages.coles.com.au/productimages/4/4505337.jpg",
    "price": 5,
    "quantity": 0.42,
    "unitPrice": 11.9
  },
  {
    "name": "Tikka Masala Simmer Sauce",
    "url": "https://www.coles.com.au/product/sharwood's-tikka-masala-simmer-sauce-420g-4699357",
    "img": "https://productimages.coles.com.au/productimages/4/4699357.jpg",
    "price": 5,
    "quantity": 0.42,
    "unitPrice": 11.9
  },
  {
    "name": "Korma Simmer Sauce",
    "url": "https://www.coles.com.au/product/sharwood's-korma-simmer-sauce-420g-4699368",
    "img": "https://productimages.coles.com.au/productimages/4/4699368.jpg",
    "price": 5,
    "quantity": 0.42,
    "unitPrice": 11.9
  },
  {
    "name": "Cherry Tomato & Basil Pasta Sauce",
    "url": "https://www.coles.com.au/product/sacla-cherry-tomato-&-basil-pasta-sauce-420g-5106280",
    "img": "https://productimages.coles.com.au/productimages/5/5106280.jpg",
    "price": 5,
    "quantity": 0.42,
    "unitPrice": 11.9
  },
  {
    "name": "Frozen Multi Flavoured Yoghurt Sticks 8 pack",
    "url": "https://www.coles.com.au/product/bulla-frozen-multi-flavoured-yoghurt-sticks-8-pack-472g-6749810",
    "img": "https://productimages.coles.com.au/productimages/6/6749810.jpg",
    "price": 5.6,
    "quantity": 0.472,
    "unitPrice": 11.9
  },
  {
    "name": "Frozen Multi Flavoured Yoghurt Sticks 8 pack",
    "url": "https://www.coles.com.au/product/bulla-frozen-multi-flavoured-yoghurt-sticks-8-pack-472g-6749810",
    "img": "https://productimages.coles.com.au/productimages/6/6749810.jpg",
    "price": 5.6,
    "quantity": 0.472,
    "unitPrice": 11.9
  },
  {
    "name": "Farmers Union Plus Vanilla & Honey Yogurt",
    "url": "https://www.woolworths.com.au/shop/productdetails/243154",
    "img": "https://cdn0.woolworths.media/content/wowproductimages/medium/243154.jpg",
    "price": 1.9,
    "quantity": 0.16,
    "unitPrice": 11.9
  },
  {
    "name": "Farmers Union Plus Mango Yoghurt",
    "url": "https://www.woolworths.com.au/shop/productdetails/242938",
    "img": "https://cdn0.woolworths.media/content/wowproductimages/medium/242938.jpg",
    "price": 1.9,
    "quantity": 0.16,
    "unitPrice": 11.9
  },
  {
    "name": "Skippy Creamy Peanut Butter",
    "url": "https://www.woolworths.com.au/shop/productdetails/237425",
    "img": "https://cdn0.woolworths.media/content/wowproductimages/medium/237425.jpg",
    "price": 5.5,
    "quantity": 0.462,
    "unitPrice": 11.9
  },
  {
    "name": "Skippy Super Chunk Peanut Butter",
    "url": "https://www.woolworths.com.au/shop/productdetails/237393",
    "img": "https://cdn0.woolworths.media/content/wowproductimages/medium/237393.jpg",
    "price": 5.5,
    "quantity": 0.462,
    "unitPrice": 11.9
  },
  {
    "name": "Nutino Hazelnut Spread Spread",
    "url": "https://www.woolworths.com.au/shop/productdetails/249627",
    "img": "https://cdn0.woolworths.media/content/wowproductimages/medium/249627.jpg",
    "price": 8.9,
    "quantity": 0.75,
    "unitPrice": 11.9
  },
  {
    "name": "Sacla Cherry Tomato & Basil Basil Cherry Tomato",
    "url": "https://www.woolworths.com.au/shop/productdetails/258381",
    "img": "https://cdn0.woolworths.media/content/wowproductimages/medium/258381.jpg",
    "price": 5,
    "quantity": 0.42,
    "unitPrice": 11.9
  },
  {
    "name": "Ayam Oyster Sauce",
    "url": "https://www.woolworths.com.au/shop/productdetails/90436",
    "img": "https://cdn0.woolworths.media/content/wowproductimages/medium/090436.jpg",
    "price": 5,
    "quantity": 0.42,
    "unitPrice": 11.9
  },
  {
    "name": "Sacla Cherry Tomato & Parmigano Pasta Sauce",
    "url": "https://www.woolworths.com.au/shop/productdetails/88313",
    "img": "https://cdn0.woolworths.media/content/wowproductimages/medium/088313.jpg",
    "price": 5,
    "quantity": 0.42,
    "unitPrice": 11.9
  },
  {
    "name": "Sacla Cherry Tomatoes & Roasted Garlic Pasta Sauce",
    "url": "https://www.woolworths.com.au/shop/productdetails/87820",
    "img": "https://cdn0.woolworths.media/content/wowproductimages/medium/087820.jpg",
    "price": 5,
    "quantity": 0.42,
    "unitPrice": 11.9
  },
  {
    "name": "Sacla Cherry Tomamto & Arrabbiata Sauce Arrabbiata",
    "url": "https://www.woolworths.com.au/shop/productdetails/258380",
    "img": "https://cdn0.woolworths.media/content/wowproductimages/medium/258380.jpg",
    "price": 5,
    "quantity": 0.42,
    "unitPrice": 11.9
  },
  {
    "name": "Loire Valley Cabernet Franc Rosé",
    "url": "https://www.aldi.com.au/en/groceries/super-savers/super-savers-detail/ps/p/loire-valley-cabernet-franc-ros-750ml-2/",
    "img": "https://www.aldi.com.au/fileadmin/_processed_/0/d/csm_1002494_1x1_OCT-B1_228x128__11_RET_39b024abee.png",
    "price": 8.99,
    "quantity": 0.75,
    "unitPrice": 11.99
  },
  {
    "name": "Urban Eats Greek Tiropita",
    "url": "https://www.aldi.com.au/en/groceries/limited-time-only/limited-time-only-detail/ps/p/urban-eats-greek-tiropita-750g-1/",
    "img": "https://www.aldi.com.au/fileadmin/_processed_/4/5/csm_706294_DE_Q_01_1x1_f4ee6f2f7e.png",
    "price": 8.99,
    "quantity": 0.75,
    "unitPrice": 12
  },
  {
    "name": "Della Rosa Stone Baked BBQ Chicken & Pineapple Pizza",
    "url": "https://www.aldi.com.au/en/groceries/limited-time-only/limited-time-only-detail/ps/p/della-rosa-stone-baked-bbq-chicken-pineapple-pizza/",
    "img": "https://www.aldi.com.au/fileadmin/_processed_/3/d/csm_1000274-1_LTO_1x1__W32__228x128_10_RET_70a9c075b9.png",
    "price": 5.99,
    "quantity": 0.5,
    "unitPrice": 12
  },
  {
    "name": "Food Envy Italian Family Desserts",
    "url": "https://www.aldi.com.au/en/groceries/fresh-produce/dairy-eggs/dairy-eggs-detail/ps/p/food-envy-italian-family-desserts-500g/",
    "img": "https://www.aldi.com.au/fileadmin/_processed_/6/7/csm_ALN3354_Q2-WEB-AUDIT_1x1_228x128_20_ef22d1b70f.jpg",
    "price": 5.99,
    "quantity": 0.5,
    "unitPrice": 12
  },
  {
    "name": "Urban Eats Greek Tiropita",
    "url": "https://www.aldi.com.au/en/groceries/limited-time-only/limited-time-only-detail/ps/p/urban-eats-greek-tiropita-750g-1/",
    "img": "https://www.aldi.com.au/fileadmin/_processed_/4/5/csm_706294_DE_Q_01_1x1_f4ee6f2f7e.png",
    "price": 8.99,
    "quantity": 0.75,
    "unitPrice": 12
  },
  {
    "name": "Della Rosa Stone Baked BBQ Chicken & Pineapple Pizza",
    "url": "https://www.aldi.com.au/en/groceries/limited-time-only/limited-time-only-detail/ps/p/della-rosa-stone-baked-bbq-chicken-pineapple-pizza/",
    "img": "https://www.aldi.com.au/fileadmin/_processed_/3/d/csm_1000274-1_LTO_1x1__W32__228x128_10_RET_70a9c075b9.png",
    "price": 5.99,
    "quantity": 0.5,
    "unitPrice": 12
  },
  {
    "name": "Roasted Peanuts In Shell",
    "url": "https://www.coles.com.au/product/coles-roasted-peanuts-in-shell-500g-2751988",
    "img": "https://productimages.coles.com.au/productimages/2/2751988.jpg",
    "price": 6,
    "quantity": 0.5,
    "unitPrice": 12
  },
  {
    "name": "Pepitas",
    "url": "https://www.coles.com.au/product/coles-pepitas-250g-3018545",
    "img": "https://productimages.coles.com.au/productimages/3/3018545.jpg",
    "price": 3,
    "quantity": 0.25,
    "unitPrice": 12
  },
  {
    "name": "Baby Beetroot Prepacked",
    "url": "https://www.coles.com.au/product/coles-baby-beetroot-prepacked-250g-3256849",
    "img": "https://productimages.coles.com.au/productimages/3/3256849.jpg",
    "price": 3,
    "quantity": 0.25,
    "unitPrice": 12
  },
  {
    "name": "Baby Cucumbers",
    "url": "https://www.coles.com.au/product/coles-baby-cucumbers-250g-4578148",
    "img": "https://productimages.coles.com.au/productimages/4/4578148.jpg",
    "price": 3,
    "quantity": 0.25,
    "unitPrice": 12
  },
  {
    "name": "Parsnips Loose",
    "url": "https://www.coles.com.au/product/coles-parsnips-loose-approx.-140g-each-5298748",
    "img": "https://productimages.coles.com.au/productimages/5/5298748.jpg",
    "price": 1.68,
    "quantity": 0.14,
    "unitPrice": 12
  },
  {
    "name": "Parsnips Loose",
    "url": "https://www.coles.com.au/product/coles-parsnips-loose-approx.-140g-each-5298748",
    "img": "https://productimages.coles.com.au/productimages/5/5298748.jpg",
    "price": 1.68,
    "quantity": 0.14,
    "unitPrice": 12
  },
  {
    "name": "Sweet & Spicy Pickles",
    "url": "https://www.coles.com.au/product/mcclure's-sweet-&-spicy-pickles-500g-5016551",
    "img": "https://productimages.coles.com.au/productimages/5/5016551.jpg",
    "price": 6,
    "quantity": 0.5,
    "unitPrice": 12
  },
  {
    "name": "Garlic & Dill Whole",
    "url": "https://www.coles.com.au/product/mcclure's-garlic-&-dill-whole-500g-5016573",
    "img": "https://productimages.coles.com.au/productimages/5/5016573.jpg",
    "price": 6,
    "quantity": 0.5,
    "unitPrice": 12
  },
  {
    "name": "Pepitas",
    "url": "https://www.coles.com.au/product/coles-pepitas-250g-3018545",
    "img": "https://productimages.coles.com.au/productimages/3/3018545.jpg",
    "price": 3,
    "quantity": 0.25,
    "unitPrice": 12
  },
  {
    "name": "Buttercream Icing Vanilla",
    "url": "https://www.coles.com.au/product/csr-buttercream-icing-vanilla-250g-4363866",
    "img": "https://productimages.coles.com.au/productimages/4/4363866.jpg",
    "price": 3,
    "quantity": 0.25,
    "unitPrice": 12
  },
  {
    "name": "Corn Flakes Crumbs",
    "url": "https://www.coles.com.au/product/kellogg's-corn-flakes-crumbs-300g-149886",
    "img": "https://productimages.coles.com.au/productimages/1/149886.jpg",
    "price": 3.6,
    "quantity": 0.3,
    "unitPrice": 12
  },
  {
    "name": "Sultanas",
    "url": "https://www.coles.com.au/product/sunbeam-sultanas-375g-167141",
    "img": "https://productimages.coles.com.au/productimages/1/167141.jpg",
    "price": 4.5,
    "quantity": 0.375,
    "unitPrice": 12
  },
  {
    "name": "Premium Raisin Medley",
    "url": "https://www.coles.com.au/product/coles-premium-raisin-medley-375g-5464348",
    "img": "https://productimages.coles.com.au/productimages/5/5464348.jpg",
    "price": 4.5,
    "quantity": 0.375,
    "unitPrice": 12
  },
  {
    "name": "Turkish Dried Apricots",
    "url": "https://www.coles.com.au/product/coles-turkish-dried-apricots-500g-2749400",
    "img": "https://productimages.coles.com.au/productimages/2/2749400.jpg",
    "price": 6,
    "quantity": 0.5,
    "unitPrice": 12
  },
  {
    "name": "Hazelnut Spread With Cocoa",
    "url": "https://www.coles.com.au/product/nutella-hazelnut-spread-with-cocoa-1kg-2620684",
    "img": "https://productimages.coles.com.au/productimages/2/2620684.jpg",
    "price": 12,
    "quantity": 1,
    "unitPrice": 12
  },
  {
    "name": "I'M Free From Special Flakes",
    "url": "https://www.coles.com.au/product/coles-i'm-free-from-special-flakes-375g-4944439",
    "img": "https://productimages.coles.com.au/productimages/4/4944439.jpg",
    "price": 4.5,
    "quantity": 0.375,
    "unitPrice": 12
  },
  {
    "name": "Udon Noodles Chicken Soup",
    "url": "https://www.coles.com.au/product/jinmailang-udon-noodles-chicken-soup-640g-6161410",
    "img": "https://productimages.coles.com.au/productimages/6/6161410.jpg",
    "price": 7.95,
    "quantity": 0.64,
    "unitPrice": 12
  },
  {
    "name": "Deli Style White Corn Strips",
    "url": "https://www.coles.com.au/product/mission-deli-style-white-corn-strips-500g-2921830",
    "img": "https://productimages.coles.com.au/productimages/2/2921830.jpg",
    "price": 6,
    "quantity": 0.5,
    "unitPrice": 12
  },
  {
    "name": "Deli Style Tortilla Rounds",
    "url": "https://www.coles.com.au/product/mission-deli-style-tortilla-rounds-500g-3800444",
    "img": "https://productimages.coles.com.au/productimages/3/3800444.jpg",
    "price": 6,
    "quantity": 0.5,
    "unitPrice": 12
  },
  {
    "name": "Deli Style Tortilla Triangles",
    "url": "https://www.coles.com.au/product/mission-deli-style-tortilla-triangles-500g-3800455",
    "img": "https://productimages.coles.com.au/productimages/3/3800455.jpg",
    "price": 6,
    "quantity": 0.5,
    "unitPrice": 12
  },
  {
    "name": "Hazelnut Spread With Cocoa",
    "url": "https://www.coles.com.au/product/nutella-hazelnut-spread-with-cocoa-1kg-2620684",
    "img": "https://productimages.coles.com.au/productimages/2/2620684.jpg",
    "price": 12,
    "quantity": 1,
    "unitPrice": 12
  },
  {
    "name": "100th Birthday Collectable Pack",
    "url": "https://www.coles.com.au/product/vegemite-100th-birthday-collectable-pack-1-each-7046316",
    "img": "https://productimages.coles.com.au/productimages/7/7046316.jpg",
    "price": 12,
    "quantity": 1,
    "unitPrice": 12
  },
  {
    "name": "Extra Virgin Coconut Oil",
    "url": "https://www.coles.com.au/product/coles-extra-virgin-coconut-oil-500ml-3209805",
    "img": "https://productimages.coles.com.au/productimages/3/3209805.jpg",
    "price": 6,
    "quantity": 0.5,
    "unitPrice": 12
  },
  {
    "name": "Peanut Oil",
    "url": "https://www.coles.com.au/product/crisco-peanut-oil-750ml-301404",
    "img": "https://productimages.coles.com.au/productimages/3/301404.jpg",
    "price": 9,
    "quantity": 0.75,
    "unitPrice": 12
  },
  {
    "name": "Olive Oil Extra Mild",
    "url": "https://www.coles.com.au/product/coles-olive-oil-extra-mild-1l-5295535",
    "img": "https://productimages.coles.com.au/productimages/5/5295535.jpg",
    "price": 12,
    "quantity": 1,
    "unitPrice": 12
  },
  {
    "name": "Classic Olive Oil",
    "url": "https://www.coles.com.au/product/coles-classic-olive-oil-1l-5489768",
    "img": "https://productimages.coles.com.au/productimages/5/5489768.jpg",
    "price": 12,
    "quantity": 1,
    "unitPrice": 12
  },
  {
    "name": "Extra Virgin Olive Oil",
    "url": "https://www.coles.com.au/product/coles-extra-virgin-olive-oil-1l-5607376",
    "img": "https://productimages.coles.com.au/productimages/5/5607376.jpg",
    "price": 12,
    "quantity": 1,
    "unitPrice": 12
  },
  {
    "name": "El Tradicional Pure Olive Oil",
    "url": "https://www.coles.com.au/product/moro-el-tradicional-pure-olive-oil-4l-405614",
    "img": "https://productimages.coles.com.au/productimages/4/405614.jpg",
    "price": 48,
    "quantity": 4,
    "unitPrice": 12
  },
  {
    "name": "Primero Extra Virgin Olive Oil",
    "url": "https://www.coles.com.au/product/moro-primero-extra-virgin-olive-oil-4l-5153360",
    "img": "https://productimages.coles.com.au/productimages/5/5153360.jpg",
    "price": 48,
    "quantity": 4,
    "unitPrice": 12
  },
  {
    "name": "Large Instant Lasagna Sheets",
    "url": "https://www.coles.com.au/product/san-remo-large-instant-lasagna-sheets-250g-5173254",
    "img": "https://productimages.coles.com.au/productimages/5/5173254.jpg",
    "price": 3,
    "quantity": 0.25,
    "unitPrice": 12
  },
  {
    "name": "Instant Curly Large Lasagna Sheets ",
    "url": "https://www.coles.com.au/product/san-remo-instant-curly-large-lasagna-sheets--250g-5598333",
    "img": "https://productimages.coles.com.au/productimages/5/5598333.jpg",
    "price": 3,
    "quantity": 0.25,
    "unitPrice": 12
  },
  {
    "name": "Pappardelle",
    "url": "https://www.coles.com.au/product/coles-pappardelle-approx.-100g-3609519",
    "img": "https://productimages.coles.com.au/productimages/3/3609519.jpg",
    "price": 1.2,
    "quantity": 0.1,
    "unitPrice": 12
  },
  {
    "name": "Australian Pitted Kalamata Olives",
    "url": "https://www.coles.com.au/product/sandhurst-australian-pitted-kalamata-olives-300g-6739930",
    "img": "https://productimages.coles.com.au/productimages/6/6739930.jpg",
    "price": 3.6,
    "quantity": 0.3,
    "unitPrice": 12
  },
  {
    "name": "Deli Style Balsamic & Roasted Garlic Vinaigrette",
    "url": "https://www.coles.com.au/product/praise-deli-style-balsamic-&-roasted-garlic-vinaigrette-250ml-3034472",
    "img": "https://productimages.coles.com.au/productimages/3/3034472.jpg",
    "price": 3,
    "quantity": 0.25,
    "unitPrice": 12
  },
  {
    "name": "Dressing Roasted Garlic",
    "url": "https://www.coles.com.au/product/praise-dressing-roasted-garlic-250ml-3034494",
    "img": "https://productimages.coles.com.au/productimages/3/3034494.jpg",
    "price": 3,
    "quantity": 0.25,
    "unitPrice": 12
  },
  {
    "name": "Dressing Honey Dijon Mustard Vinaigrette",
    "url": "https://www.coles.com.au/product/praise-dressing-honey-dijon-mustard-vinaigrette-250ml-3034508",
    "img": "https://productimages.coles.com.au/productimages/3/3034508.jpg",
    "price": 3,
    "quantity": 0.25,
    "unitPrice": 12
  },
  {
    "name": "Olives Stuffed",
    "url": "https://www.coles.com.au/product/three-threes-olives-stuffed-250g-3573626",
    "img": "https://productimages.coles.com.au/productimages/3/3573626.jpg",
    "price": 3,
    "quantity": 0.25,
    "unitPrice": 12
  },
  {
    "name": "Tomato Sauce",
    "url": "https://www.coles.com.au/product/three-threes-tomato-sauce-275ml-7264816",
    "img": "https://productimages.coles.com.au/productimages/7/7264816.jpg",
    "price": 3.3,
    "quantity": 0.275,
    "unitPrice": 12
  },
  {
    "name": "Rib BBQ Sauce",
    "url": "https://www.coles.com.au/product/three-threes-rib-bbq-sauce-275ml-7288122",
    "img": "https://productimages.coles.com.au/productimages/7/7288122.jpg",
    "price": 3.3,
    "quantity": 0.275,
    "unitPrice": 12
  },
  {
    "name": "Sweet & Spicy Pickles",
    "url": "https://www.coles.com.au/product/mcclure's-sweet-&-spicy-pickles-500g-5016551",
    "img": "https://productimages.coles.com.au/productimages/5/5016551.jpg",
    "price": 6,
    "quantity": 0.5,
    "unitPrice": 12
  },
  {
    "name": "Garlic & Dill Whole",
    "url": "https://www.coles.com.au/product/mcclure's-garlic-&-dill-whole-500g-5016573",
    "img": "https://productimages.coles.com.au/productimages/5/5016573.jpg",
    "price": 6,
    "quantity": 0.5,
    "unitPrice": 12
  },
  {
    "name": "Australian Pitted Kalamata Olives",
    "url": "https://www.coles.com.au/product/sandhurst-australian-pitted-kalamata-olives-300g-6739930",
    "img": "https://productimages.coles.com.au/productimages/6/6739930.jpg",
    "price": 3.6,
    "quantity": 0.3,
    "unitPrice": 12
  },
  {
    "name": "Deli Style Balsamic & Roasted Garlic Vinaigrette",
    "url": "https://www.coles.com.au/product/praise-deli-style-balsamic-&-roasted-garlic-vinaigrette-250ml-3034472",
    "img": "https://productimages.coles.com.au/productimages/3/3034472.jpg",
    "price": 3,
    "quantity": 0.25,
    "unitPrice": 12
  },
  {
    "name": "Dressing Roasted Garlic",
    "url": "https://www.coles.com.au/product/praise-dressing-roasted-garlic-250ml-3034494",
    "img": "https://productimages.coles.com.au/productimages/3/3034494.jpg",
    "price": 3,
    "quantity": 0.25,
    "unitPrice": 12
  },
  {
    "name": "Dressing Honey Dijon Mustard Vinaigrette",
    "url": "https://www.coles.com.au/product/praise-dressing-honey-dijon-mustard-vinaigrette-250ml-3034508",
    "img": "https://productimages.coles.com.au/productimages/3/3034508.jpg",
    "price": 3,
    "quantity": 0.25,
    "unitPrice": 12
  },
  {
    "name": "Olives Stuffed",
    "url": "https://www.coles.com.au/product/three-threes-olives-stuffed-250g-3573626",
    "img": "https://productimages.coles.com.au/productimages/3/3573626.jpg",
    "price": 3,
    "quantity": 0.25,
    "unitPrice": 12
  },
  {
    "name": "Tomato Sauce",
    "url": "https://www.coles.com.au/product/three-threes-tomato-sauce-275ml-7264816",
    "img": "https://productimages.coles.com.au/productimages/7/7264816.jpg",
    "price": 3.3,
    "quantity": 0.275,
    "unitPrice": 12
  },
  {
    "name": "Rib BBQ Sauce",
    "url": "https://www.coles.com.au/product/three-threes-rib-bbq-sauce-275ml-7288122",
    "img": "https://productimages.coles.com.au/productimages/7/7288122.jpg",
    "price": 3.3,
    "quantity": 0.275,
    "unitPrice": 12
  },
  {
    "name": "Sweet & Spicy Pickles",
    "url": "https://www.coles.com.au/product/mcclure's-sweet-&-spicy-pickles-500g-5016551",
    "img": "https://productimages.coles.com.au/productimages/5/5016551.jpg",
    "price": 6,
    "quantity": 0.5,
    "unitPrice": 12
  },
  {
    "name": "Garlic & Dill Whole",
    "url": "https://www.coles.com.au/product/mcclure's-garlic-&-dill-whole-500g-5016573",
    "img": "https://productimages.coles.com.au/productimages/5/5016573.jpg",
    "price": 6,
    "quantity": 0.5,
    "unitPrice": 12
  },
  {
    "name": "Tomato Sauce",
    "url": "https://www.coles.com.au/product/three-threes-tomato-sauce-275ml-7264816",
    "img": "https://productimages.coles.com.au/productimages/7/7264816.jpg",
    "price": 3.3,
    "quantity": 0.275,
    "unitPrice": 12
  },
  {
    "name": "Rib BBQ Sauce",
    "url": "https://www.coles.com.au/product/three-threes-rib-bbq-sauce-275ml-7288122",
    "img": "https://productimages.coles.com.au/productimages/7/7288122.jpg",
    "price": 3.3,
    "quantity": 0.275,
    "unitPrice": 12
  },
  {
    "name": "Red Box Tray Fettucine Carbonara ",
    "url": "https://www.coles.com.au/product/mccain-red-box-tray-fettucine-carbonara--375g-5553685",
    "img": "https://productimages.coles.com.au/productimages/5/5553685.jpg",
    "price": 4.5,
    "quantity": 0.375,
    "unitPrice": 12
  },
  {
    "name": "Crumbed Fish Fingers 16 Pack",
    "url": "https://www.coles.com.au/product/coles-crumbed-fish-fingers-16-pack-400g-3551984",
    "img": "https://productimages.coles.com.au/productimages/3/3551984.jpg",
    "price": 4.8,
    "quantity": 0.4,
    "unitPrice": 12
  },
  {
    "name": "Frozen Pastry Puff",
    "url": "https://www.coles.com.au/product/pampas-frozen-pastry-puff-550g-6362730",
    "img": "https://productimages.coles.com.au/productimages/6/6362730.jpg",
    "price": 6.6,
    "quantity": 0.55,
    "unitPrice": 12
  },
  {
    "name": "Pastizzi Spinach Ricotta",
    "url": "https://www.coles.com.au/product/borg's-pastizzi-spinach-ricotta-625g-9317480",
    "img": "https://productimages.coles.com.au/productimages/9/9317480.jpg",
    "price": 7.5,
    "quantity": 0.625,
    "unitPrice": 12
  },
  {
    "name": "Ice Cream Murray River Salted Caramel & Hazelnut",
    "url": "https://www.coles.com.au/product/connoisseur-ice-cream-murray-river-salted-caramel-&-hazelnut-1l-1892135",
    "img": "https://productimages.coles.com.au/productimages/1/1892135.jpg",
    "price": 12,
    "quantity": 1,
    "unitPrice": 12
  },
  {
    "name": "Red Box Tray Fettucine Carbonara ",
    "url": "https://www.coles.com.au/product/mccain-red-box-tray-fettucine-carbonara--375g-5553685",
    "img": "https://productimages.coles.com.au/productimages/5/5553685.jpg",
    "price": 4.5,
    "quantity": 0.375,
    "unitPrice": 12
  },
  {
    "name": "Crumbed Fish Fingers 16 Pack",
    "url": "https://www.coles.com.au/product/coles-crumbed-fish-fingers-16-pack-400g-3551984",
    "img": "https://productimages.coles.com.au/productimages/3/3551984.jpg",
    "price": 4.8,
    "quantity": 0.4,
    "unitPrice": 12
  },
  {
    "name": "Frozen Pastry Puff",
    "url": "https://www.coles.com.au/product/pampas-frozen-pastry-puff-550g-6362730",
    "img": "https://productimages.coles.com.au/productimages/6/6362730.jpg",
    "price": 6.6,
    "quantity": 0.55,
    "unitPrice": 12
  },
  {
    "name": "Pastizzi Spinach Ricotta",
    "url": "https://www.coles.com.au/product/borg's-pastizzi-spinach-ricotta-625g-9317480",
    "img": "https://productimages.coles.com.au/productimages/9/9317480.jpg",
    "price": 7.5,
    "quantity": 0.625,
    "unitPrice": 12
  },
  {
    "name": "Ice Cream Murray River Salted Caramel & Hazelnut",
    "url": "https://www.coles.com.au/product/connoisseur-ice-cream-murray-river-salted-caramel-&-hazelnut-1l-1892135",
    "img": "https://productimages.coles.com.au/productimages/1/1892135.jpg",
    "price": 12,
    "quantity": 1,
    "unitPrice": 12
  },
  {
    "name": "Ice Cream Derwent Valley Raspberry & White Choc",
    "url": "https://www.coles.com.au/product/connoisseur-ice-cream-derwent-valley-raspberry-&-white-choc-1l-2442735",
    "img": "https://productimages.coles.com.au/productimages/2/2442735.jpg",
    "price": 12,
    "quantity": 1,
    "unitPrice": 12
  },
  {
    "name": "Ice Cream Chocolate Brownie Custard",
    "url": "https://www.coles.com.au/product/connoisseur-ice-cream-chocolate-brownie-custard-1l-2750395",
    "img": "https://productimages.coles.com.au/productimages/2/2750395.jpg",
    "price": 12,
    "quantity": 1,
    "unitPrice": 12
  },
  {
    "name": "Ice Cream Mint & Cookies",
    "url": "https://www.coles.com.au/product/connoisseur-ice-cream-mint-&-cookies-1l-2982357",
    "img": "https://productimages.coles.com.au/productimages/2/2982357.jpg",
    "price": 12,
    "quantity": 1,
    "unitPrice": 12
  },
  {
    "name": "Ice Cream Vanilla Caramel Brownie",
    "url": "https://www.coles.com.au/product/connoisseur-ice-cream-vanilla-caramel-brownie-1l-3251233",
    "img": "https://productimages.coles.com.au/productimages/3/3251233.jpg",
    "price": 12,
    "quantity": 1,
    "unitPrice": 12
  },
  {
    "name": "Basa Cutlets",
    "url": "https://www.coles.com.au/product/royal-ebi-basa-cutlets-1kg-3626755",
    "img": "https://productimages.coles.com.au/productimages/3/3626755.jpg",
    "price": 12,
    "quantity": 1,
    "unitPrice": 12
  },
  {
    "name": "Ice Cream Camarosa Strawberry",
    "url": "https://www.coles.com.au/product/connoisseur-ice-cream-camarosa-strawberry-1l-3716508",
    "img": "https://productimages.coles.com.au/productimages/3/3716508.jpg",
    "price": 12,
    "quantity": 1,
    "unitPrice": 12
  },
  {
    "name": "Plant Based Hazelnut Chocolate",
    "url": "https://www.coles.com.au/product/connoisseur-plant-based-hazelnut-chocolate-1l-3880352",
    "img": "https://productimages.coles.com.au/productimages/3/3880352.jpg",
    "price": 12,
    "quantity": 1,
    "unitPrice": 12
  },
  {
    "name": "Ice Cream Matcha Green Tea With White Chocolate",
    "url": "https://www.coles.com.au/product/connoisseur-ice-cream-matcha-green-tea-with-white-chocolate-1l-3880578",
    "img": "https://productimages.coles.com.au/productimages/3/3880578.jpg",
    "price": 12,
    "quantity": 1,
    "unitPrice": 12
  },
  {
    "name": "Frozen Strawberries",
    "url": "https://www.coles.com.au/product/coles-frozen-strawberries-1kg-4966566",
    "img": "https://productimages.coles.com.au/productimages/4/4966566.jpg",
    "price": 12,
    "quantity": 1,
    "unitPrice": 12
  },
  {
    "name": "Classic Vanilla Ice Cream Tub",
    "url": "https://www.coles.com.au/product/connoisseur-classic-vanilla-ice-cream-tub-1l-5615272",
    "img": "https://productimages.coles.com.au/productimages/5/5615272.jpg",
    "price": 12,
    "quantity": 1,
    "unitPrice": 12
  },
  {
    "name": "Ice Cream Cookies & Cream",
    "url": "https://www.coles.com.au/product/connoisseur-ice-cream-cookies-&-cream-1l-5832850",
    "img": "https://productimages.coles.com.au/productimages/5/5832850.jpg",
    "price": 12,
    "quantity": 1,
    "unitPrice": 12
  },
  {
    "name": "Ice Cream Honey Macadamia",
    "url": "https://www.coles.com.au/product/connoisseur-ice-cream-honey-macadamia-1l-5863864",
    "img": "https://productimages.coles.com.au/productimages/5/5863864.jpg",
    "price": 12,
    "quantity": 1,
    "unitPrice": 12
  },
  {
    "name": "Ice Cream Peanut Butter",
    "url": "https://www.coles.com.au/product/connoisseur-ice-cream-peanut-butter-1l-6143667",
    "img": "https://productimages.coles.com.au/productimages/6/6143667.jpg",
    "price": 12,
    "quantity": 1,
    "unitPrice": 12
  },
  {
    "name": "Ice Cream Choc Chip Cookie",
    "url": "https://www.coles.com.au/product/connoisseur-ice-cream-choc-chip-cookie-1l-6143689",
    "img": "https://productimages.coles.com.au/productimages/6/6143689.jpg",
    "price": 12,
    "quantity": 1,
    "unitPrice": 12
  },
  {
    "name": "Laneway Sweets Jam Doughnut Ice Cream",
    "url": "https://www.coles.com.au/product/connoisseur-laneway-sweets-jam-doughnut-ice-cream-1l-7082896",
    "img": "https://productimages.coles.com.au/productimages/7/7082896.jpg",
    "price": 12,
    "quantity": 1,
    "unitPrice": 12
  },
  {
    "name": "Ice Cream Belgian Chocolate",
    "url": "https://www.coles.com.au/product/connoisseur-ice-cream-belgian-chocolate-1l-8591487",
    "img": "https://productimages.coles.com.au/productimages/8/8591487.jpg",
    "price": 12,
    "quantity": 1,
    "unitPrice": 12
  },
  {
    "name": "Ice Cream Sandwich 4 Pack",
    "url": "https://www.coles.com.au/product/oreo-ice-cream-sandwich-4-pack-540ml-5018626",
    "img": "https://productimages.coles.com.au/productimages/5/5018626.jpg",
    "price": 6.5,
    "quantity": 0.54,
    "unitPrice": 12
  },
  {
    "name": "Free Range Pork Leg Roast Boneless",
    "url": "https://www.coles.com.au/product/coles-free-range-pork-leg-roast-boneless-approx.-1.8kg-2741871",
    "img": "https://productimages.coles.com.au/productimages/2/2741871.jpg",
    "price": 21.6,
    "quantity": 1.8,
    "unitPrice": 12
  },
  {
    "name": "Free Range Pork Leg Roast Boneless",
    "url": "https://www.coles.com.au/product/coles-free-range-pork-leg-roast-boneless-approx.-1.8kg-2741871",
    "img": "https://productimages.coles.com.au/productimages/2/2741871.jpg",
    "price": 21.6,
    "quantity": 1.8,
    "unitPrice": 12
  },
  {
    "name": "Creative Gourmet Frozen Mango Chunks",
    "url": "https://www.woolworths.com.au/shop/productdetails/949",
    "img": "https://cdn0.woolworths.media/content/wowproductimages/medium/000949.jpg",
    "price": 6,
    "quantity": 0.5,
    "unitPrice": 12
  },
  {
    "name": "Creative Gourmet Frozen Pineapple Pieces",
    "url": "https://www.woolworths.com.au/shop/productdetails/532343",
    "img": "https://cdn0.woolworths.media/content/wowproductimages/medium/532343.jpg",
    "price": 6,
    "quantity": 0.5,
    "unitPrice": 12
  },
  {
    "name": "I Pastai Gnocchi Di Patate",
    "url": "https://www.woolworths.com.au/shop/productdetails/629439",
    "img": "https://cdn0.woolworths.media/content/wowproductimages/medium/629439.jpg",
    "price": 6,
    "quantity": 0.5,
    "unitPrice": 12
  },
  {
    "name": "Flora With Butter Spreadable",
    "url": "https://www.woolworths.com.au/shop/productdetails/221807",
    "img": "https://cdn0.woolworths.media/content/wowproductimages/medium/221807.jpg",
    "price": 5.4,
    "quantity": 0.45,
    "unitPrice": 12
  },
  {
    "name": "Copha Oil Solid Cooking Block",
    "url": "https://www.woolworths.com.au/shop/productdetails/48004",
    "img": "https://cdn0.woolworths.media/content/wowproductimages/medium/048004.jpg",
    "price": 3,
    "quantity": 0.25,
    "unitPrice": 12
  },
  {
    "name": "Lake Macquarie 18 Large Free Range Eggs",
    "url": "https://www.woolworths.com.au/shop/productdetails/101878",
    "img": "https://cdn0.woolworths.media/content/wowproductimages/medium/101878.jpg",
    "price": 10.8,
    "quantity": 0.9,
    "unitPrice": 12
  },
  {
    "name": "Mazzetti Balsamic Vinegar Of Modena",
    "url": "https://www.woolworths.com.au/shop/productdetails/99917",
    "img": "https://cdn0.woolworths.media/content/wowproductimages/medium/099917.jpg",
    "price": 3,
    "quantity": 0.25,
    "unitPrice": 12
  },
  {
    "name": "Woolworths Extra Virgin Spanish Olive Oil",
    "url": "https://www.woolworths.com.au/shop/productdetails/698868",
    "img": "https://cdn0.woolworths.media/content/wowproductimages/medium/698868.jpg",
    "price": 12,
    "quantity": 1,
    "unitPrice": 12
  },
  {
    "name": "Woolworths Vinegar Balsamic White",
    "url": "https://www.woolworths.com.au/shop/productdetails/257303",
    "img": "https://cdn0.woolworths.media/content/wowproductimages/medium/257303.jpg",
    "price": 3,
    "quantity": 0.25,
    "unitPrice": 12
  },
  {
    "name": "Woolworths Classic Olive Oil Spanish Classic",
    "url": "https://www.woolworths.com.au/shop/productdetails/698863",
    "img": "https://cdn0.woolworths.media/content/wowproductimages/medium/698863.jpg",
    "price": 12,
    "quantity": 1,
    "unitPrice": 12
  },
  {
    "name": "Crisco Peanut Oil",
    "url": "https://www.woolworths.com.au/shop/productdetails/48508",
    "img": "https://cdn0.woolworths.media/content/wowproductimages/medium/048508.jpg",
    "price": 9,
    "quantity": 0.75,
    "unitPrice": 12
  },
  {
    "name": "Holland House Rollmops Marinated",
    "url": "https://www.woolworths.com.au/shop/productdetails/41491",
    "img": "https://cdn0.woolworths.media/content/wowproductimages/medium/041491.jpg",
    "price": 6,
    "quantity": 0.5,
    "unitPrice": 12
  },
  {
    "name": "Woolworths Rustic White Sourdough Loaf",
    "url": "https://www.woolworths.com.au/shop/productdetails/852257",
    "img": "https://cdn0.woolworths.media/content/wowproductimages/medium/852257.jpg",
    "price": 6,
    "quantity": 0.5,
    "unitPrice": 12
  },
  {
    "name": "Woolworths Simply Steam Zucchini Spaghetti",
    "url": "https://www.woolworths.com.au/shop/productdetails/515646",
    "img": "https://cdn0.woolworths.media/content/wowproductimages/medium/515646.jpg",
    "price": 3,
    "quantity": 0.25,
    "unitPrice": 12
  },
  {
    "name": "Woolworths Qukes Baby Cucumbers Punnet",
    "url": "https://www.woolworths.com.au/shop/productdetails/169067",
    "img": "https://cdn0.woolworths.media/content/wowproductimages/medium/169067.jpg",
    "price": 3,
    "quantity": 0.25,
    "unitPrice": 12
  },
  {
    "name": "Woolworths Beetroot Fresh Beetroot",
    "url": "https://www.woolworths.com.au/shop/productdetails/780371",
    "img": "https://cdn0.woolworths.media/content/wowproductimages/medium/780371.jpg",
    "price": 3,
    "quantity": 0.25,
    "unitPrice": 12
  },
  {
    "name": "Macro Organic Sweet Potato",
    "url": "https://www.woolworths.com.au/shop/productdetails/271214",
    "img": "https://cdn0.woolworths.media/content/wowproductimages/medium/271214.jpg",
    "price": 6,
    "quantity": 0.5,
    "unitPrice": 12
  },
  {
    "name": "First Press Iced Coffee Almond Milk",
    "url": "https://www.woolworths.com.au/shop/productdetails/122208",
    "img": "https://cdn0.woolworths.media/content/wowproductimages/medium/122208.jpg",
    "price": 4.2,
    "quantity": 0.35,
    "unitPrice": 12
  },
  {
    "name": "First Press Iced Coffee Oat Milk Double Shot",
    "url": "https://www.woolworths.com.au/shop/productdetails/122978",
    "img": "https://cdn0.woolworths.media/content/wowproductimages/medium/122978.jpg",
    "price": 4.2,
    "quantity": 0.35,
    "unitPrice": 12
  },
  {
    "name": "Stacked Energy Double Chocolate Milk",
    "url": "https://www.woolworths.com.au/shop/productdetails/267112",
    "img": "https://cdn0.woolworths.media/content/wowproductimages/medium/267112.jpg",
    "price": 4.5,
    "quantity": 0.375,
    "unitPrice": 12
  },
  {
    "name": "Stacked Energy Single Origin Coffee",
    "url": "https://www.woolworths.com.au/shop/productdetails/266664",
    "img": "https://cdn0.woolworths.media/content/wowproductimages/medium/266664.jpg",
    "price": 4.5,
    "quantity": 0.375,
    "unitPrice": 12
  },
  {
    "name": "Cocobella Dairy Free Coconut Yoghurt Vanilla",
    "url": "https://www.woolworths.com.au/shop/productdetails/688826",
    "img": "https://cdn0.woolworths.media/content/wowproductimages/medium/688826.jpg",
    "price": 6,
    "quantity": 0.5,
    "unitPrice": 12
  },
  {
    "name": "Cocobella Dairy Free Coconut Yoghurt Natural",
    "url": "https://www.woolworths.com.au/shop/productdetails/553016",
    "img": "https://cdn0.woolworths.media/content/wowproductimages/medium/553016.jpg",
    "price": 6,
    "quantity": 0.5,
    "unitPrice": 12
  },
  {
    "name": "Cocobella Dairy Free Coconut Yoghurt Passionfruit",
    "url": "https://www.woolworths.com.au/shop/productdetails/688827",
    "img": "https://cdn0.woolworths.media/content/wowproductimages/medium/688827.jpg",
    "price": 6,
    "quantity": 0.5,
    "unitPrice": 12
  },
  {
    "name": "Cocobella Dairy Free Coconut Yoghurt Mango",
    "url": "https://www.woolworths.com.au/shop/productdetails/205101",
    "img": "https://cdn0.woolworths.media/content/wowproductimages/medium/205101.jpg",
    "price": 6,
    "quantity": 0.5,
    "unitPrice": 12
  },
  {
    "name": "Cocobella Coconut Yogurt Blueberry",
    "url": "https://www.woolworths.com.au/shop/productdetails/242260",
    "img": "https://cdn0.woolworths.media/content/wowproductimages/medium/242260.jpg",
    "price": 6,
    "quantity": 0.5,
    "unitPrice": 12
  },
  {
    "name": "Sunrice Microwave Jasmine Rice Pouch Jasmine Rice In 90 Seconds",
    "url": "https://www.woolworths.com.au/shop/productdetails/244754",
    "img": "https://cdn0.woolworths.media/content/wowproductimages/medium/244754.jpg",
    "price": 3,
    "quantity": 0.25,
    "unitPrice": 12
  },
  {
    "name": "Sunrice Microwave Brown Rice Pouch Medium Grain Brown Rice In 90",
    "url": "https://www.woolworths.com.au/shop/productdetails/244756",
    "img": "https://cdn0.woolworths.media/content/wowproductimages/medium/244756.jpg",
    "price": 3,
    "quantity": 0.25,
    "unitPrice": 12
  },
  {
    "name": "Sunrice Microwave Basmati Rice Indian Basmati Rice",
    "url": "https://www.woolworths.com.au/shop/productdetails/267561",
    "img": "https://cdn0.woolworths.media/content/wowproductimages/medium/267561.jpg",
    "price": 3,
    "quantity": 0.25,
    "unitPrice": 12
  },
  {
    "name": "Sunrice Microwave White Long Grain Rice Pouch",
    "url": "https://www.woolworths.com.au/shop/productdetails/244755",
    "img": "https://cdn0.woolworths.media/content/wowproductimages/medium/244755.jpg",
    "price": 3,
    "quantity": 0.25,
    "unitPrice": 12
  },
  {
    "name": "San Remo Lasagne Pasta Large",
    "url": "https://www.woolworths.com.au/shop/productdetails/74076",
    "img": "https://cdn0.woolworths.media/content/wowproductimages/medium/074076.jpg",
    "price": 3,
    "quantity": 0.25,
    "unitPrice": 12
  },
  {
    "name": "San Remo Cannelloni",
    "url": "https://www.woolworths.com.au/shop/productdetails/543758",
    "img": "https://cdn0.woolworths.media/content/wowproductimages/medium/543758.jpg",
    "price": 3,
    "quantity": 0.25,
    "unitPrice": 12
  },
  {
    "name": "Sunrice Gourmet Rice Forbidden Black",
    "url": "https://www.woolworths.com.au/shop/productdetails/729032",
    "img": "https://cdn0.woolworths.media/content/wowproductimages/medium/729032.jpg",
    "price": 6,
    "quantity": 0.5,
    "unitPrice": 12
  },
  {
    "name": "Trc The Rice Company Super Grain Black Rice",
    "url": "https://www.woolworths.com.au/shop/productdetails/220941",
    "img": "https://cdn0.woolworths.media/content/wowproductimages/medium/220941.jpg",
    "price": 6,
    "quantity": 0.5,
    "unitPrice": 12
  },
  {
    "name": "Trc Red Rice 500g The Rice Company Red Rice",
    "url": "https://www.woolworths.com.au/shop/productdetails/222486",
    "img": "https://cdn0.woolworths.media/content/wowproductimages/medium/222486.jpg",
    "price": 6,
    "quantity": 0.5,
    "unitPrice": 12
  },
  {
    "name": "K-roo Kangaroo Mince",
    "url": "https://www.woolworths.com.au/shop/productdetails/148292",
    "img": "https://cdn0.woolworths.media/content/wowproductimages/medium/148292.jpg",
    "price": 12,
    "quantity": 1,
    "unitPrice": 12
  },
  {
    "name": "Woolworths Lean Pork Mince",
    "url": "https://www.woolworths.com.au/shop/productdetails/582608",
    "img": "https://cdn0.woolworths.media/content/wowproductimages/medium/582608.jpg",
    "price": 6,
    "quantity": 0.5,
    "unitPrice": 12
  },
  {
    "name": "Woolworths Pork & Beef Mince",
    "url": "https://www.woolworths.com.au/shop/productdetails/239598",
    "img": "https://cdn0.woolworths.media/content/wowproductimages/medium/239598.jpg",
    "price": 6,
    "quantity": 0.5,
    "unitPrice": 12
  },
  {
    "name": "Lamb Shanks",
    "url": "https://www.woolworths.com.au/shop/productdetails/868940",
    "img": "https://cdn0.woolworths.media/content/wowproductimages/medium/868940.jpg",
    "price": 11.4,
    "quantity": 0.95,
    "unitPrice": 12
  },
  {
    "name": "Woolworths Crushed Ginger",
    "url": "https://www.woolworths.com.au/shop/productdetails/680510",
    "img": "https://cdn0.woolworths.media/content/wowproductimages/medium/680510.jpg",
    "price": 2.8,
    "quantity": 0.23,
    "unitPrice": 12
  },
  {
    "name": "Woolworths Lemon & Herb Panko Crumbs",
    "url": "https://www.woolworths.com.au/shop/productdetails/212641",
    "img": "https://cdn0.woolworths.media/content/wowproductimages/medium/212641.jpg",
    "price": 2.3,
    "quantity": 0.2,
    "unitPrice": 12
  },
  {
    "name": "Woolworths Crushed Chilli",
    "url": "https://www.woolworths.com.au/shop/productdetails/680511",
    "img": "https://cdn0.woolworths.media/content/wowproductimages/medium/680511.jpg",
    "price": 2.8,
    "quantity": 0.23,
    "unitPrice": 12
  },
  {
    "name": "Woolworths Peri Peri Panko Crumb",
    "url": "https://www.woolworths.com.au/shop/productdetails/212640",
    "img": "https://cdn0.woolworths.media/content/wowproductimages/medium/212640.jpg",
    "price": 2.3,
    "quantity": 0.2,
    "unitPrice": 12
  },
  {
    "name": "Kellogg's Corn Flakes Crumbs",
    "url": "https://www.woolworths.com.au/shop/productdetails/33376",
    "img": "https://cdn0.woolworths.media/content/wowproductimages/medium/033376.jpg",
    "price": 3.6,
    "quantity": 0.3,
    "unitPrice": 12
  },
  {
    "name": "Carman's Cholesterol Lowering Australian Oats",
    "url": "https://www.woolworths.com.au/shop/productdetails/203820",
    "img": "https://cdn0.woolworths.media/content/wowproductimages/medium/203820.jpg",
    "price": 6,
    "quantity": 0.5,
    "unitPrice": 12
  },
  {
    "name": "Nutella Hazelnut Chocolate Spread Spread",
    "url": "https://www.woolworths.com.au/shop/productdetails/795889",
    "img": "https://cdn0.woolworths.media/content/wowproductimages/medium/795889.jpg",
    "price": 12,
    "quantity": 1,
    "unitPrice": 12
  },
  {
    "name": "Maggie Beer Natural Free Range Chicken Bone Broth",
    "url": "https://www.woolworths.com.au/shop/productdetails/170894",
    "img": "https://cdn0.woolworths.media/content/wowproductimages/medium/170894.jpg",
    "price": 6,
    "quantity": 0.5,
    "unitPrice": 12
  },
  {
    "name": "Maggie Beer Natural Beef Bone Broth",
    "url": "https://www.woolworths.com.au/shop/productdetails/170759",
    "img": "https://cdn0.woolworths.media/content/wowproductimages/medium/170759.jpg",
    "price": 6,
    "quantity": 0.5,
    "unitPrice": 12
  },
  {
    "name": "Campbell's Real Stock Flavour Boost Garlic & Rosemary",
    "url": "https://www.woolworths.com.au/shop/productdetails/234318",
    "img": "https://cdn0.woolworths.media/content/wowproductimages/medium/234318.jpg",
    "price": 3,
    "quantity": 0.25,
    "unitPrice": 12
  },
  {
    "name": "Campbell's Real Stock Flavour Boost Chilli, Garlic & Onion",
    "url": "https://www.woolworths.com.au/shop/productdetails/234454",
    "img": "https://cdn0.woolworths.media/content/wowproductimages/medium/234454.jpg",
    "price": 3,
    "quantity": 0.25,
    "unitPrice": 12
  },
  {
    "name": "Campbell's Real Stock Flavour Boost Soy, Honey & Garlic",
    "url": "https://www.woolworths.com.au/shop/productdetails/260172",
    "img": "https://cdn0.woolworths.media/content/wowproductimages/medium/260172.jpg",
    "price": 3,
    "quantity": 0.25,
    "unitPrice": 12
  },
  {
    "name": "Holbrooks Sauce Worcestershire",
    "url": "https://www.woolworths.com.au/shop/productdetails/34420",
    "img": "https://cdn0.woolworths.media/content/wowproductimages/medium/034420.jpg",
    "price": 3,
    "quantity": 0.25,
    "unitPrice": 12
  },
  {
    "name": "Three Threes Tomato Sauce",
    "url": "https://www.woolworths.com.au/shop/productdetails/353695",
    "img": "https://cdn0.woolworths.media/content/wowproductimages/medium/353695.jpg",
    "price": 3.3,
    "quantity": 0.275,
    "unitPrice": 12
  },
  {
    "name": "Three Threes Bbq Rib Sauce",
    "url": "https://www.woolworths.com.au/shop/productdetails/340189",
    "img": "https://cdn0.woolworths.media/content/wowproductimages/medium/340189.jpg",
    "price": 3.3,
    "quantity": 0.275,
    "unitPrice": 12
  },
  {
    "name": "Mutti Parma Sugo Semplice Parmigiano Reggiano Pasta Sauce",
    "url": "https://www.woolworths.com.au/shop/productdetails/81712",
    "img": "https://cdn0.woolworths.media/content/wowproductimages/medium/081712.jpg",
    "price": 4.8,
    "quantity": 0.4,
    "unitPrice": 12
  },
  {
    "name": "Mutti Parma Sugo Semplice Basil Pasta Sauce",
    "url": "https://www.woolworths.com.au/shop/productdetails/81715",
    "img": "https://cdn0.woolworths.media/content/wowproductimages/medium/081715.jpg",
    "price": 4.8,
    "quantity": 0.4,
    "unitPrice": 12
  },
  {
    "name": "Mutti Sugo Semplice Bolognese Pasta Sauce",
    "url": "https://www.woolworths.com.au/shop/productdetails/280403",
    "img": "https://cdn0.woolworths.media/content/wowproductimages/medium/280403.jpg",
    "price": 4.8,
    "quantity": 0.4,
    "unitPrice": 12
  },
  {
    "name": "Csr All Natural Buttercream Icing Mix Vanilla",
    "url": "https://www.woolworths.com.au/shop/productdetails/699577",
    "img": "https://cdn0.woolworths.media/content/wowproductimages/medium/699577.jpg",
    "price": 3,
    "quantity": 0.25,
    "unitPrice": 12
  },
  {
    "name": "Csr All Natural Buttercream Icing Mix Chocolate",
    "url": "https://www.woolworths.com.au/shop/productdetails/699576",
    "img": "https://cdn0.woolworths.media/content/wowproductimages/medium/699576.jpg",
    "price": 3,
    "quantity": 0.25,
    "unitPrice": 12
  },
  {
    "name": "Woolworths Apricot Dried",
    "url": "https://www.woolworths.com.au/shop/productdetails/18158",
    "img": "https://cdn0.woolworths.media/content/wowproductimages/medium/018158.jpg",
    "price": 6,
    "quantity": 0.5,
    "unitPrice": 12
  },
  {
    "name": "Plant Based Nutolene",
    "url": "https://www.coles.com.au/product/vegie-delights-plant-based-nutolene-415g-6059356",
    "img": "https://productimages.coles.com.au/productimages/6/6059356.jpg",
    "price": 5,
    "quantity": 0.415,
    "unitPrice": 12.05
  },
  {
    "name": "Plant Based Nut Meat",
    "url": "https://www.coles.com.au/product/vegie-delights-plant-based-nut-meat-415g-6059709",
    "img": "https://productimages.coles.com.au/productimages/6/6059709.jpg",
    "price": 5,
    "quantity": 0.415,
    "unitPrice": 12.05
  },
  {
    "name": "Plant Based Nutolene",
    "url": "https://www.coles.com.au/product/vegie-delights-plant-based-nutolene-415g-6059356",
    "img": "https://productimages.coles.com.au/productimages/6/6059356.jpg",
    "price": 5,
    "quantity": 0.415,
    "unitPrice": 12.05
  },
  {
    "name": "Plant Based Nut Meat",
    "url": "https://www.coles.com.au/product/vegie-delights-plant-based-nut-meat-415g-6059709",
    "img": "https://productimages.coles.com.au/productimages/6/6059709.jpg",
    "price": 5,
    "quantity": 0.415,
    "unitPrice": 12.05
  },
  {
    "name": "Topping 100s & 1000s",
    "url": "https://www.coles.com.au/product/dollar-sweets-topping-100s-&-1000s-190g-6076672",
    "img": "https://productimages.coles.com.au/productimages/6/6076672.jpg",
    "price": 2.3,
    "quantity": 0.19,
    "unitPrice": 12.1
  },
  {
    "name": "2 Minute Instant Noodle Wholegrain Chicken 12 pack",
    "url": "https://www.coles.com.au/product/maggi-2-minute-instant-noodle-wholegrain-chicken-12-pack-828g-2787850",
    "img": "https://productimages.coles.com.au/productimages/2/2787850.jpg",
    "price": 10,
    "quantity": 0.828,
    "unitPrice": 12.1
  },
  {
    "name": "2 Minute Instant Noodle Wholegrain Chicken 12 pack",
    "url": "https://www.coles.com.au/product/maggi-2-minute-instant-noodle-wholegrain-chicken-12-pack-828g-2787850",
    "img": "https://productimages.coles.com.au/productimages/2/2787850.jpg",
    "price": 10,
    "quantity": 0.828,
    "unitPrice": 12.1
  },
  {
    "name": "Garlic Herb Naan 4 Pack",
    "url": "https://www.coles.com.au/product/mission-garlic-herb-naan-4-pack-280g-5193637",
    "img": "https://productimages.coles.com.au/productimages/5/5193637.jpg",
    "price": 3.4,
    "quantity": 0.28,
    "unitPrice": 12.1
  },
  {
    "name": "Plain Naan 4 Pack",
    "url": "https://www.coles.com.au/product/mission-plain-naan-4-pack-280g-5193681",
    "img": "https://productimages.coles.com.au/productimages/5/5193681.jpg",
    "price": 3.4,
    "quantity": 0.28,
    "unitPrice": 12.1
  },
  {
    "name": "Organic Coconut Oil",
    "url": "https://www.coles.com.au/product/raw-c-organic-coconut-oil-330ml-3218828",
    "img": "https://productimages.coles.com.au/productimages/3/3218828.jpg",
    "price": 4,
    "quantity": 0.33,
    "unitPrice": 12.1
  },
  {
    "name": "Pesto Basilico",
    "url": "https://www.coles.com.au/product/cucina-matese-pesto-basilico-290g-5050822",
    "img": "https://productimages.coles.com.au/productimages/5/5050822.jpg",
    "price": 3.5,
    "quantity": 0.29,
    "unitPrice": 12.1
  },
  {
    "name": "Pesto Sundried Tomato",
    "url": "https://www.coles.com.au/product/cucina-matese-pesto-sundried-tomato-290g-5050833",
    "img": "https://productimages.coles.com.au/productimages/5/5050833.jpg",
    "price": 3.5,
    "quantity": 0.29,
    "unitPrice": 12.1
  },
  {
    "name": "Sriracha Sauce",
    "url": "https://www.coles.com.au/product/trident-sriracha-sauce-480ml-5981543",
    "img": "https://productimages.coles.com.au/productimages/5/5981543.jpg",
    "price": 5.8,
    "quantity": 0.48,
    "unitPrice": 12.1
  },
  {
    "name": "Flaky Scallion Pancake",
    "url": "https://www.coles.com.au/product/tu-bao-zi-flaky-scallion-pancake-480g-3785770",
    "img": "https://productimages.coles.com.au/productimages/3/3785770.jpg",
    "price": 5.8,
    "quantity": 0.48,
    "unitPrice": 12.1
  },
  {
    "name": "Creamy Classic Vanilla Choc Fudge Cone 4 Pack",
    "url": "https://www.coles.com.au/product/bulla-creamy-classic-vanilla-choc-fudge-cone-4-pack-520ml-5487810",
    "img": "https://productimages.coles.com.au/productimages/5/5487810.jpg",
    "price": 6.3,
    "quantity": 0.52,
    "unitPrice": 12.1
  },
  {
    "name": "Creamy Classics Neapolitan Cone 4 Pack",
    "url": "https://www.coles.com.au/product/bulla-creamy-classics-neapolitan-cone-4-pack-520ml-5487842",
    "img": "https://productimages.coles.com.au/productimages/5/5487842.jpg",
    "price": 6.3,
    "quantity": 0.52,
    "unitPrice": 12.1
  },
  {
    "name": "Creamy Classics Triple Choc Cone 4Pk",
    "url": "https://www.coles.com.au/product/bulla-creamy-classics-triple-choc-cone-4pk-520ml-5487853",
    "img": "https://productimages.coles.com.au/productimages/5/5487853.jpg",
    "price": 6.3,
    "quantity": 0.52,
    "unitPrice": 12.1
  },
  {
    "name": "Creamy Classics Choc Honeycomb Cone 4 Pack",
    "url": "https://www.coles.com.au/product/bulla-creamy-classics-choc-honeycomb-cone-4-pack-520ml-5487864",
    "img": "https://productimages.coles.com.au/productimages/5/5487864.jpg",
    "price": 6.3,
    "quantity": 0.52,
    "unitPrice": 12.1
  },
  {
    "name": "Japanese Gyoza",
    "url": "https://www.coles.com.au/product/pacific-west-japanese-gyoza-700g-1549370",
    "img": "https://productimages.coles.com.au/productimages/1/1549370.jpg",
    "price": 8.5,
    "quantity": 0.7,
    "unitPrice": 12.1
  },
  {
    "name": "Lake Macquarie 6 Large Free Range Eggs",
    "url": "https://www.woolworths.com.au/shop/productdetails/101566",
    "img": "https://cdn0.woolworths.media/content/wowproductimages/medium/101566.jpg",
    "price": 4.25,
    "quantity": 0.35,
    "unitPrice": 12.1
  },
  {
    "name": "Woolworths Vanilla Yoghurt Pouch",
    "url": "https://www.woolworths.com.au/shop/productdetails/891954",
    "img": "https://cdn0.woolworths.media/content/wowproductimages/medium/891954.jpg",
    "price": 0.85,
    "quantity": 0.07,
    "unitPrice": 12.1
  },
  {
    "name": "Woolworths Strawberry Yoghurt Pouch",
    "url": "https://www.woolworths.com.au/shop/productdetails/891955",
    "img": "https://cdn0.woolworths.media/content/wowproductimages/medium/891955.jpg",
    "price": 0.85,
    "quantity": 0.07,
    "unitPrice": 12.1
  },
  {
    "name": "Woolworths Banana Yoghurt Pouch",
    "url": "https://www.woolworths.com.au/shop/productdetails/569764",
    "img": "https://cdn0.woolworths.media/content/wowproductimages/medium/569764.jpg",
    "price": 0.85,
    "quantity": 0.07,
    "unitPrice": 12.1
  },
  {
    "name": "Woolworths Yoghurt Pouch Blueberry",
    "url": "https://www.woolworths.com.au/shop/productdetails/86205",
    "img": "https://cdn0.woolworths.media/content/wowproductimages/medium/086205.jpg",
    "price": 0.85,
    "quantity": 0.07,
    "unitPrice": 12.1
  },
  {
    "name": "Three Threes Mightymite Spread",
    "url": "https://www.woolworths.com.au/shop/productdetails/148103",
    "img": "https://cdn0.woolworths.media/content/wowproductimages/medium/148103.jpg",
    "price": 3.5,
    "quantity": 0.29,
    "unitPrice": 12.1
  },
  {
    "name": "Trident Sriracha Hot Chilli Sauce",
    "url": "https://www.woolworths.com.au/shop/productdetails/242199",
    "img": "https://cdn0.woolworths.media/content/wowproductimages/medium/242199.jpg",
    "price": 5.8,
    "quantity": 0.48,
    "unitPrice": 12.1
  },
  {
    "name": "Dollar Sweets 100s & 1000s",
    "url": "https://www.woolworths.com.au/shop/productdetails/264091",
    "img": "https://cdn0.woolworths.media/content/wowproductimages/medium/264091.jpg",
    "price": 2.3,
    "quantity": 0.19,
    "unitPrice": 12.1
  },
  {
    "name": "Mckenzie's Coconut Flour",
    "url": "https://www.woolworths.com.au/shop/productdetails/788462",
    "img": "https://cdn0.woolworths.media/content/wowproductimages/medium/788462.jpg",
    "price": 4,
    "quantity": 0.33,
    "unitPrice": 12.12
  },
  {
    "name": "Mckenzie's Chickpea Flour",
    "url": "https://www.woolworths.com.au/shop/productdetails/897407",
    "img": "https://cdn0.woolworths.media/content/wowproductimages/medium/897407.jpg",
    "price": 4,
    "quantity": 0.33,
    "unitPrice": 12.12
  },
  {
    "name": "Woolworths Stuffed Boneless Chicken Kyiv",
    "url": "https://www.woolworths.com.au/shop/productdetails/134032",
    "img": "https://cdn0.woolworths.media/content/wowproductimages/medium/134032.jpg",
    "price": 8.5,
    "quantity": 0.7,
    "unitPrice": 12.14
  },
  {
    "name": "Woolworths Boneless Chicken Kyiv With Creamy Cheese & Ham Filling",
    "url": "https://www.woolworths.com.au/shop/productdetails/134035",
    "img": "https://cdn0.woolworths.media/content/wowproductimages/medium/134035.jpg",
    "price": 8.5,
    "quantity": 0.7,
    "unitPrice": 12.14
  },
  {
    "name": "Australian Sun Muscat Sultanas",
    "url": "https://www.coles.com.au/product/sunbeam-australian-sun-muscat-sultanas-450g-4476556",
    "img": "https://productimages.coles.com.au/productimages/4/4476556.jpg",
    "price": 5.5,
    "quantity": 0.45,
    "unitPrice": 12.2
  },
  {
    "name": "Crunchy Nut Clusters Breakfast Cereal",
    "url": "https://www.coles.com.au/product/kellogg's-crunchy-nut-clusters-breakfast-cereal-450g-8492000",
    "img": "https://productimages.coles.com.au/productimages/8/8492000.jpg",
    "price": 5.5,
    "quantity": 0.45,
    "unitPrice": 12.2
  },
  {
    "name": "Chicken Rice 99% Fat Free",
    "url": "https://www.coles.com.au/product/rice-a-riso-chicken-rice-99%-fat-free-180g-9428947",
    "img": "https://productimages.coles.com.au/productimages/9/9428947.jpg",
    "price": 2.2,
    "quantity": 0.18,
    "unitPrice": 12.2
  },
  {
    "name": "Special Fried Rice Pouch",
    "url": "https://www.coles.com.au/product/sunrice-special-fried-rice-pouch-450g-6277925",
    "img": "https://productimages.coles.com.au/productimages/6/6277925.jpg",
    "price": 5.5,
    "quantity": 0.45,
    "unitPrice": 12.2
  },
  {
    "name": "Chicken Style Rice Pouch",
    "url": "https://www.coles.com.au/product/sunrice-chicken-style-rice-pouch-450g-6278010",
    "img": "https://productimages.coles.com.au/productimages/6/6278010.jpg",
    "price": 5.5,
    "quantity": 0.45,
    "unitPrice": 12.2
  },
  {
    "name": "Mexican Style Rice Pouch",
    "url": "https://www.coles.com.au/product/sunrice-mexican-style-rice-pouch-450g-6278065",
    "img": "https://productimages.coles.com.au/productimages/6/6278065.jpg",
    "price": 5.5,
    "quantity": 0.45,
    "unitPrice": 12.2
  },
  {
    "name": "Chicken Rice 99% Fat Free",
    "url": "https://www.coles.com.au/product/rice-a-riso-chicken-rice-99%-fat-free-180g-9428947",
    "img": "https://productimages.coles.com.au/productimages/9/9428947.jpg",
    "price": 2.2,
    "quantity": 0.18,
    "unitPrice": 12.2
  },
  {
    "name": "Special Fried Rice Pouch",
    "url": "https://www.coles.com.au/product/sunrice-special-fried-rice-pouch-450g-6277925",
    "img": "https://productimages.coles.com.au/productimages/6/6277925.jpg",
    "price": 5.5,
    "quantity": 0.45,
    "unitPrice": 12.2
  },
  {
    "name": "Chicken Style Rice Pouch",
    "url": "https://www.coles.com.au/product/sunrice-chicken-style-rice-pouch-450g-6278010",
    "img": "https://productimages.coles.com.au/productimages/6/6278010.jpg",
    "price": 5.5,
    "quantity": 0.45,
    "unitPrice": 12.2
  },
  {
    "name": "Mexican Style Rice Pouch",
    "url": "https://www.coles.com.au/product/sunrice-mexican-style-rice-pouch-450g-6278065",
    "img": "https://productimages.coles.com.au/productimages/6/6278065.jpg",
    "price": 5.5,
    "quantity": 0.45,
    "unitPrice": 12.2
  },
  {
    "name": "Premium Vermicelli Bean",
    "url": "https://www.coles.com.au/product/double-phoenix-premium-vermicelli-bean-300g-3632736",
    "img": "https://productimages.coles.com.au/productimages/3/3632736.jpg",
    "price": 3.65,
    "quantity": 0.3,
    "unitPrice": 12.2
  },
  {
    "name": "3 In 1 Hazelnut White Coffee",
    "url": "https://www.coles.com.au/product/old-town-3-in-1-hazelnut-white-coffee-570g-1318526",
    "img": "https://productimages.coles.com.au/productimages/1/1318526.jpg",
    "price": 6.95,
    "quantity": 0.57,
    "unitPrice": 12.2
  },
  {
    "name": "3 In 1 Classic White Coffee",
    "url": "https://www.coles.com.au/product/old-town-3-in-1-classic-white-coffee-570g-1318537",
    "img": "https://productimages.coles.com.au/productimages/1/1318537.jpg",
    "price": 6.95,
    "quantity": 0.57,
    "unitPrice": 12.2
  },
  {
    "name": "Ginger Nuts Biscuits",
    "url": "https://www.coles.com.au/product/griffin's-ginger-nuts-biscuits-250g-8450951",
    "img": "https://productimages.coles.com.au/productimages/8/8450951.jpg",
    "price": 3.05,
    "quantity": 0.25,
    "unitPrice": 12.2
  },
  {
    "name": "Organic Somen Noodles",
    "url": "https://www.coles.com.au/product/the-han-kitchen-organic-somen-noodles-270g-5435292",
    "img": "https://productimages.coles.com.au/productimages/5/5435292.jpg",
    "price": 3.3,
    "quantity": 0.27,
    "unitPrice": 12.2
  },
  {
    "name": "Special Fried Rice Pouch",
    "url": "https://www.coles.com.au/product/sunrice-special-fried-rice-pouch-450g-6277925",
    "img": "https://productimages.coles.com.au/productimages/6/6277925.jpg",
    "price": 5.5,
    "quantity": 0.45,
    "unitPrice": 12.2
  },
  {
    "name": "Chicken Style Rice Pouch",
    "url": "https://www.coles.com.au/product/sunrice-chicken-style-rice-pouch-450g-6278010",
    "img": "https://productimages.coles.com.au/productimages/6/6278010.jpg",
    "price": 5.5,
    "quantity": 0.45,
    "unitPrice": 12.2
  },
  {
    "name": "Mexican Style Rice Pouch",
    "url": "https://www.coles.com.au/product/sunrice-mexican-style-rice-pouch-450g-6278065",
    "img": "https://productimages.coles.com.au/productimages/6/6278065.jpg",
    "price": 5.5,
    "quantity": 0.45,
    "unitPrice": 12.2
  },
  {
    "name": "Sunrice Microwave Mexican Style Rice Flavoured Rice Pouch",
    "url": "https://www.woolworths.com.au/shop/productdetails/290342",
    "img": "https://cdn0.woolworths.media/content/wowproductimages/medium/290342.jpg",
    "price": 5.5,
    "quantity": 0.45,
    "unitPrice": 12.2
  },
  {
    "name": "Sunrice Microwave Special Fried Rice Flavoured Rice Pouch",
    "url": "https://www.woolworths.com.au/shop/productdetails/290020",
    "img": "https://cdn0.woolworths.media/content/wowproductimages/medium/290020.jpg",
    "price": 5.5,
    "quantity": 0.45,
    "unitPrice": 12.2
  },
  {
    "name": "Sunrice Microwave Chicken Style Flavoured Rice Pouch",
    "url": "https://www.woolworths.com.au/shop/productdetails/290333",
    "img": "https://cdn0.woolworths.media/content/wowproductimages/medium/290333.jpg",
    "price": 5.5,
    "quantity": 0.45,
    "unitPrice": 12.2
  },
  {
    "name": "White Wings Cupcake Mix Vanilla",
    "url": "https://www.woolworths.com.au/shop/productdetails/264038",
    "img": "https://cdn0.woolworths.media/content/wowproductimages/medium/264038.jpg",
    "price": 5,
    "quantity": 0.41,
    "unitPrice": 12.2
  },
  {
    "name": "White Wings Cupcake Mix Chocolate",
    "url": "https://www.woolworths.com.au/shop/productdetails/307765",
    "img": "https://cdn0.woolworths.media/content/wowproductimages/medium/307765.jpg",
    "price": 5,
    "quantity": 0.41,
    "unitPrice": 12.2
  },
  {
    "name": "Sunbeam Sunmuscat Sultanas",
    "url": "https://www.woolworths.com.au/shop/productdetails/247604",
    "img": "https://cdn0.woolworths.media/content/wowproductimages/medium/247604.jpg",
    "price": 5.5,
    "quantity": 0.45,
    "unitPrice": 12.2
  },
  {
    "name": "Sunbeam Australian Natural Sultanas Sultanas",
    "url": "https://www.woolworths.com.au/shop/productdetails/259168",
    "img": "https://cdn0.woolworths.media/content/wowproductimages/medium/259168.jpg",
    "price": 5.5,
    "quantity": 0.45,
    "unitPrice": 12.22
  },
  {
    "name": "Salted Caramel Cookie Mix",
    "url": "https://www.coles.com.au/product/betty-crocker-salted-caramel-cookie-mix-400g-3056770",
    "img": "https://productimages.coles.com.au/productimages/3/3056770.jpg",
    "price": 4.9,
    "quantity": 0.4,
    "unitPrice": 12.3
  },
  {
    "name": "40% Less Sugar Pancake Protein Shake",
    "url": "https://www.coles.com.au/product/greens-40%-less-sugar-pancake-protein-shake-325g-4959470",
    "img": "https://productimages.coles.com.au/productimages/4/4959470.jpg",
    "price": 4,
    "quantity": 0.325,
    "unitPrice": 12.3
  },
  {
    "name": "Butterscotch Sauce",
    "url": "https://www.coles.com.au/product/barkers-of-nz-butterscotch-sauce-365g-3842149",
    "img": "https://productimages.coles.com.au/productimages/3/3842149.jpg",
    "price": 4.5,
    "quantity": 0.365,
    "unitPrice": 12.3
  },
  {
    "name": "Sesame Seeds",
    "url": "https://www.coles.com.au/product/coles-sesame-seeds-150g-3559523",
    "img": "https://productimages.coles.com.au/productimages/3/3559523.jpg",
    "price": 1.85,
    "quantity": 0.15,
    "unitPrice": 12.3
  },
  {
    "name": "Bourbon Chocolate Flavoured Cream Biscuits",
    "url": "https://www.coles.com.au/product/britannia-bourbon-chocolate-flavoured-cream-biscuits-400g-2157229",
    "img": "https://productimages.coles.com.au/productimages/2/2157229.jpg",
    "price": 4.9,
    "quantity": 0.4,
    "unitPrice": 12.3
  },
  {
    "name": "Fajita Kit Mild Mexican Style",
    "url": "https://www.coles.com.au/product/old-el-paso-fajita-kit-mild-mexican-style-485g-5030450",
    "img": "https://productimages.coles.com.au/productimages/5/5030450.jpg",
    "price": 5.95,
    "quantity": 0.485,
    "unitPrice": 12.3
  },
  {
    "name": "Burrito Kit Mexican Style",
    "url": "https://www.coles.com.au/product/old-el-paso-burrito-kit-mexican-style-485g-7886168",
    "img": "https://productimages.coles.com.au/productimages/7/7886168.jpg",
    "price": 5.95,
    "quantity": 0.485,
    "unitPrice": 12.3
  },
  {
    "name": "Butterscotch Sauce",
    "url": "https://www.coles.com.au/product/barkers-of-nz-butterscotch-sauce-365g-3842149",
    "img": "https://productimages.coles.com.au/productimages/3/3842149.jpg",
    "price": 4.5,
    "quantity": 0.365,
    "unitPrice": 12.3
  },
  {
    "name": "Butterscotch Sauce",
    "url": "https://www.coles.com.au/product/barkers-of-nz-butterscotch-sauce-365g-3842149",
    "img": "https://productimages.coles.com.au/productimages/3/3842149.jpg",
    "price": 4.5,
    "quantity": 0.365,
    "unitPrice": 12.3
  },
  {
    "name": "Leggo's Stir Through Sauce Roasted Vegetables",
    "url": "https://www.woolworths.com.au/shop/productdetails/30515",
    "img": "https://cdn0.woolworths.media/content/wowproductimages/medium/030515.jpg",
    "price": 4.3,
    "quantity": 0.35,
    "unitPrice": 12.3
  },
  {
    "name": "Leggo's Sundried Tomato Garlic Stir Through Sauce",
    "url": "https://www.woolworths.com.au/shop/productdetails/30644",
    "img": "https://cdn0.woolworths.media/content/wowproductimages/medium/030644.jpg",
    "price": 4.3,
    "quantity": 0.35,
    "unitPrice": 12.3
  },
  {
    "name": "Leggo's Stir Through Tomato Garlic & Caramelised Onion",
    "url": "https://www.woolworths.com.au/shop/productdetails/957033",
    "img": "https://cdn0.woolworths.media/content/wowproductimages/medium/957033.jpg",
    "price": 4.3,
    "quantity": 0.35,
    "unitPrice": 12.3
  },
  {
    "name": "Well & Good Lemon Coconut Cake Mix",
    "url": "https://www.woolworths.com.au/shop/productdetails/277567",
    "img": "https://cdn0.woolworths.media/content/wowproductimages/medium/277567.jpg",
    "price": 5.85,
    "quantity": 0.475,
    "unitPrice": 12.3
  },
  {
    "name": "Green's Choc Chip Cookies 40% Less Sugar",
    "url": "https://www.woolworths.com.au/shop/productdetails/210557",
    "img": "https://cdn0.woolworths.media/content/wowproductimages/medium/210557.jpg",
    "price": 4.3,
    "quantity": 0.35,
    "unitPrice": 12.3
  },
  {
    "name": "The Coach House Dairy Chocolate Milk",
    "url": "https://www.woolworths.com.au/shop/productdetails/865382",
    "img": "https://cdn0.woolworths.media/content/wowproductimages/medium/865382.jpg",
    "price": 3.7,
    "quantity": 0.3,
    "unitPrice": 12.33
  },
  {
    "name": "Pickled Onions",
    "url": "https://www.coles.com.au/product/blue-banner-pickled-onions-525g-197233",
    "img": "https://productimages.coles.com.au/productimages/1/197233.jpg",
    "price": 6.5,
    "quantity": 0.525,
    "unitPrice": 12.38
  },
  {
    "name": "Sliced Red Onion",
    "url": "https://www.coles.com.au/product/blue-banner-sliced-red-onion-525g-5328281",
    "img": "https://productimages.coles.com.au/productimages/5/5328281.jpg",
    "price": 6.5,
    "quantity": 0.525,
    "unitPrice": 12.38
  },
  {
    "name": "Pickled Onions Brown Chilli",
    "url": "https://www.coles.com.au/product/blue-banner-pickled-onions-brown-chilli-525g-9442880",
    "img": "https://productimages.coles.com.au/productimages/9/9442880.jpg",
    "price": 6.5,
    "quantity": 0.525,
    "unitPrice": 12.38
  },
  {
    "name": "Pickled Onions",
    "url": "https://www.coles.com.au/product/blue-banner-pickled-onions-525g-197233",
    "img": "https://productimages.coles.com.au/productimages/1/197233.jpg",
    "price": 6.5,
    "quantity": 0.525,
    "unitPrice": 12.38
  },
  {
    "name": "Sliced Red Onion",
    "url": "https://www.coles.com.au/product/blue-banner-sliced-red-onion-525g-5328281",
    "img": "https://productimages.coles.com.au/productimages/5/5328281.jpg",
    "price": 6.5,
    "quantity": 0.525,
    "unitPrice": 12.38
  },
  {
    "name": "Pickled Onions Brown Chilli",
    "url": "https://www.coles.com.au/product/blue-banner-pickled-onions-brown-chilli-525g-9442880",
    "img": "https://productimages.coles.com.au/productimages/9/9442880.jpg",
    "price": 6.5,
    "quantity": 0.525,
    "unitPrice": 12.38
  },
  {
    "name": "Spreadable Light Cream Cheese Tub",
    "url": "https://www.coles.com.au/product/coles-spreadable-light-cream-cheese-tub-250g-8588926",
    "img": "https://productimages.coles.com.au/productimages/8/8588926.jpg",
    "price": 3.1,
    "quantity": 0.25,
    "unitPrice": 12.4
  },
  {
    "name": "Hay Premium Molten Choc Chunk Brownie",
    "url": "https://www.coles.com.au/product/donna-hay-premium-molten-choc-chunk-brownie-565g-5061294",
    "img": "https://productimages.coles.com.au/productimages/5/5061294.jpg",
    "price": 7,
    "quantity": 0.565,
    "unitPrice": 12.4
  },
  {
    "name": "Protein Granola Chocolate Almond Crunch",
    "url": "https://www.coles.com.au/product/-sunsol-protein-granola-chocolate-almond-crunch-450g-7062550",
    "img": "https://productimages.coles.com.au/productimages/7/7062550.jpg",
    "price": 5.6,
    "quantity": 0.45,
    "unitPrice": 12.4
  },
  {
    "name": "Soft Taco Kit 10 Pack",
    "url": "https://www.coles.com.au/product/coles-soft-taco-kit-10-pack-440g-3479173",
    "img": "https://productimages.coles.com.au/productimages/3/3479173.jpg",
    "price": 5.45,
    "quantity": 0.44,
    "unitPrice": 12.4
  },
  {
    "name": "Classic Lentil Tarka Daal",
    "url": "https://www.coles.com.au/product/the-spice-tailor-classic-lentil-tarka-daal-500g-2803425",
    "img": "https://productimages.coles.com.au/productimages/2/2803425.jpg",
    "price": 6.2,
    "quantity": 0.5,
    "unitPrice": 12.4
  },
  {
    "name": "Spicy Tarka Lentil Daal",
    "url": "https://www.coles.com.au/product/the-spice-tailor-spicy-tarka-lentil-daal-500g-3760474",
    "img": "https://productimages.coles.com.au/productimages/3/3760474.jpg",
    "price": 6.2,
    "quantity": 0.5,
    "unitPrice": 12.4
  },
  {
    "name": "Simply Nuts Squeeze Smooth",
    "url": "https://www.coles.com.au/product/bega-simply-nuts-squeeze-smooth-450g-5185107",
    "img": "https://productimages.coles.com.au/productimages/5/5185107.jpg",
    "price": 5.6,
    "quantity": 0.45,
    "unitPrice": 12.4
  },
  {
    "name": "Simply Nuts Squeeze Crunchy",
    "url": "https://www.coles.com.au/product/bega-simply-nuts-squeeze-crunchy-450g-5185130",
    "img": "https://productimages.coles.com.au/productimages/5/5185130.jpg",
    "price": 5.6,
    "quantity": 0.45,
    "unitPrice": 12.4
  },
  {
    "name": "Spicy Tarka Lentil Daal",
    "url": "https://www.coles.com.au/product/the-spice-tailor-spicy-tarka-lentil-daal-500g-3760474",
    "img": "https://productimages.coles.com.au/productimages/3/3760474.jpg",
    "price": 6.2,
    "quantity": 0.5,
    "unitPrice": 12.4
  },
  {
    "name": "Woolworths Frozen Mixed Berries",
    "url": "https://www.woolworths.com.au/shop/productdetails/260010",
    "img": "https://cdn0.woolworths.media/content/wowproductimages/medium/260010.jpg",
    "price": 6.2,
    "quantity": 0.5,
    "unitPrice": 12.4
  },
  {
    "name": "Woolworths Frozen Blueberries",
    "url": "https://www.woolworths.com.au/shop/productdetails/260007",
    "img": "https://cdn0.woolworths.media/content/wowproductimages/medium/260007.jpg",
    "price": 6.2,
    "quantity": 0.5,
    "unitPrice": 12.4
  },
  {
    "name": "Woolworths Frozen Strawberries",
    "url": "https://www.woolworths.com.au/shop/productdetails/777899",
    "img": "https://cdn0.woolworths.media/content/wowproductimages/medium/777899.jpg",
    "price": 6.2,
    "quantity": 0.5,
    "unitPrice": 12.4
  },
  {
    "name": "Woolworths Frozen Mango",
    "url": "https://www.woolworths.com.au/shop/productdetails/777911",
    "img": "https://cdn0.woolworths.media/content/wowproductimages/medium/777911.jpg",
    "price": 6.2,
    "quantity": 0.5,
    "unitPrice": 12.4
  },
  {
    "name": "Woolworths Summer Frozen Fruit Blend",
    "url": "https://www.woolworths.com.au/shop/productdetails/137825",
    "img": "https://cdn0.woolworths.media/content/wowproductimages/medium/137825.jpg",
    "price": 6.2,
    "quantity": 0.5,
    "unitPrice": 12.4
  },
  {
    "name": "Woolworths Ruby Frozen Fruit Blend",
    "url": "https://www.woolworths.com.au/shop/productdetails/137624",
    "img": "https://cdn0.woolworths.media/content/wowproductimages/medium/137624.jpg",
    "price": 6.2,
    "quantity": 0.5,
    "unitPrice": 12.4
  },
  {
    "name": "Woolworths Dark Frozen Fruit Blend",
    "url": "https://www.woolworths.com.au/shop/productdetails/137625",
    "img": "https://cdn0.woolworths.media/content/wowproductimages/medium/137625.jpg",
    "price": 6.2,
    "quantity": 0.5,
    "unitPrice": 12.4
  },
  {
    "name": "Kellogg's Coco Pops Chocolatey Breakfast Cereal Value Pack",
    "url": "https://www.woolworths.com.au/shop/productdetails/244016",
    "img": "https://cdn0.woolworths.media/content/wowproductimages/medium/244016.jpg",
    "price": 11.8,
    "quantity": 0.95,
    "unitPrice": 12.4
  },
  {
    "name": "Nam Duong Soy Sauce",
    "url": "https://www.woolworths.com.au/shop/productdetails/238038",
    "img": "https://cdn0.woolworths.media/content/wowproductimages/medium/238038.jpg",
    "price": 2.6,
    "quantity": 0.21,
    "unitPrice": 12.4
  },
  {
    "name": "Dollar Sweets Vanilla Buttercream",
    "url": "https://www.woolworths.com.au/shop/productdetails/109926",
    "img": "https://cdn0.woolworths.media/content/wowproductimages/medium/109926.jpg",
    "price": 5.2,
    "quantity": 0.42,
    "unitPrice": 12.4
  },
  {
    "name": "Donna Hay Choc Chunk Brownie Mix",
    "url": "https://www.woolworths.com.au/shop/productdetails/210663",
    "img": "https://cdn0.woolworths.media/content/wowproductimages/medium/210663.jpg",
    "price": 7,
    "quantity": 0.565,
    "unitPrice": 12.4
  },
  {
    "name": "Salted French Capers",
    "url": "https://www.coles.com.au/product/hoyts-salted-french-capers-265g-9763919",
    "img": "https://productimages.coles.com.au/productimages/9/9763919.jpg",
    "price": 3.3,
    "quantity": 0.265,
    "unitPrice": 12.45
  },
  {
    "name": "Salted French Capers",
    "url": "https://www.coles.com.au/product/hoyts-salted-french-capers-265g-9763919",
    "img": "https://productimages.coles.com.au/productimages/9/9763919.jpg",
    "price": 3.3,
    "quantity": 0.265,
    "unitPrice": 12.45
  },
  {
    "name": "World Kitchen Sweet & Sour Chicken",
    "url": "https://www.aldi.com.au/en/groceries/super-savers/super-savers-detail/ps/p/world-kitchen-sweet-sour-chicken-800g-1/",
    "img": "https://www.aldi.com.au/fileadmin/_processed_/0/d/csm_1002494_1x1_OCT-B1_228x128__2_RET_b1bcf07e78.png",
    "price": 9.99,
    "quantity": 0.8,
    "unitPrice": 12.5
  },
  {
    "name": "World Kitchen Sweet & Sour Chicken",
    "url": "https://www.aldi.com.au/en/groceries/limited-time-only/limited-time-only-detail/ps/p/world-kitchen-sweet-sour-chicken-800g/",
    "img": "https://www.aldi.com.au/fileadmin/_processed_/a/1/csm_1000274-1_LTO_1x1__W34__228x128_7_RET_b83b4ed5b2.png",
    "price": 9.99,
    "quantity": 0.8,
    "unitPrice": 12.5
  },
  {
    "name": "World Kitchen Sweet & Sour Chicken",
    "url": "https://www.aldi.com.au/en/groceries/limited-time-only/limited-time-only-detail/ps/p/world-kitchen-sweet-sour-chicken-800g/",
    "img": "https://www.aldi.com.au/fileadmin/_processed_/a/1/csm_1000274-1_LTO_1x1__W34__228x128_7_RET_b83b4ed5b2.png",
    "price": 9.99,
    "quantity": 0.8,
    "unitPrice": 12.5
  },
  {
    "name": "Combo Sprouts",
    "url": "https://www.coles.com.au/product/crunchy-combo-sprouts-200g-4544849",
    "img": "https://productimages.coles.com.au/productimages/4/4544849.jpg",
    "price": 2.5,
    "quantity": 0.2,
    "unitPrice": 12.5
  },
  {
    "name": "Combo Sprouts",
    "url": "https://www.coles.com.au/product/crunchy-combo-sprouts-200g-4544849",
    "img": "https://productimages.coles.com.au/productimages/4/4544849.jpg",
    "price": 2.5,
    "quantity": 0.2,
    "unitPrice": 12.5
  },
  {
    "name": "Lasagne with Angus Beef & Vegetables",
    "url": "https://www.coles.com.au/product/latina-lasagne-with-angus-beef-&-vegetables-1.6kg-9992814",
    "img": "https://productimages.coles.com.au/productimages/9/9992814.jpg",
    "price": 19.95,
    "quantity": 1.6,
    "unitPrice": 12.5
  },
  {
    "name": "Perform Chicken Kale & Quinoa Soup",
    "url": "https://www.coles.com.au/product/coles-perform-chicken-kale-&-quinoa-soup-400g-5071017",
    "img": "https://productimages.coles.com.au/productimages/5/5071017.jpg",
    "price": 5,
    "quantity": 0.4,
    "unitPrice": 12.5
  },
  {
    "name": "Perform Mexican Style Beef & Bean Soup",
    "url": "https://www.coles.com.au/product/coles-perform-mexican-style-beef-&-bean-soup-400g-5071028",
    "img": "https://productimages.coles.com.au/productimages/5/5071028.jpg",
    "price": 5,
    "quantity": 0.4,
    "unitPrice": 12.5
  },
  {
    "name": "Mac & Cheese",
    "url": "https://www.coles.com.au/product/ready-chef-mac-&-cheese-800g-6282550",
    "img": "https://productimages.coles.com.au/productimages/6/6282550.jpg",
    "price": 10,
    "quantity": 0.8,
    "unitPrice": 12.5
  },
  {
    "name": "Savoury Rice",
    "url": "https://www.coles.com.au/product/ready-chef-savoury-rice-800g-6282594",
    "img": "https://productimages.coles.com.au/productimages/6/6282594.jpg",
    "price": 10,
    "quantity": 0.8,
    "unitPrice": 12.5
  },
  {
    "name": "Free Range Eggs 12Pack",
    "url": "https://www.coles.com.au/product/josh's-rainbow-free-range-eggs-12pack-800g-7065751",
    "img": "https://productimages.coles.com.au/productimages/7/7065751.jpg",
    "price": 10,
    "quantity": 0.8,
    "unitPrice": 12.5
  },
  {
    "name": "Cheese Slices 84 pack",
    "url": "https://www.coles.com.au/product/coles-cheese-slices-84-pack-1kg-1978140",
    "img": "https://productimages.coles.com.au/productimages/1/1978140.jpg",
    "price": 12.5,
    "quantity": 1,
    "unitPrice": 12.5
  },
  {
    "name": "Bake & Create Dark Chocolate Block",
    "url": "https://www.coles.com.au/product/coles-bake-&-create-dark-chocolate-block-200g-3841463",
    "img": "https://productimages.coles.com.au/productimages/3/3841463.jpg",
    "price": 2.5,
    "quantity": 0.2,
    "unitPrice": 12.5
  },
  {
    "name": "Bake & Create Milk Chocolate Block",
    "url": "https://www.coles.com.au/product/coles-bake-&-create-milk-chocolate-block-200g-3841474",
    "img": "https://productimages.coles.com.au/productimages/3/3841474.jpg",
    "price": 2.5,
    "quantity": 0.2,
    "unitPrice": 12.5
  },
  {
    "name": "Bake & Create White Chocolate Block",
    "url": "https://www.coles.com.au/product/coles-bake-&-create-white-chocolate-block-200g-3841521",
    "img": "https://productimages.coles.com.au/productimages/3/3841521.jpg",
    "price": 2.5,
    "quantity": 0.2,
    "unitPrice": 12.5
  },
  {
    "name": "Dark Compound Chocolate Block",
    "url": "https://www.coles.com.au/product/coles-dark-compound-chocolate-block-200g-3841532",
    "img": "https://productimages.coles.com.au/productimages/3/3841532.jpg",
    "price": 2.5,
    "quantity": 0.2,
    "unitPrice": 12.5
  },
  {
    "name": "Plus Muesli Flakes",
    "url": "https://www.coles.com.au/product/uncle-tobys-plus-muesli-flakes-705g-7019652",
    "img": "https://productimages.coles.com.au/productimages/7/7019652.jpg",
    "price": 8.8,
    "quantity": 0.705,
    "unitPrice": 12.5
  },
  {
    "name": "Pure Australian Honey",
    "url": "https://www.coles.com.au/product/coles-pure-australian-honey-1kg-4752370",
    "img": "https://productimages.coles.com.au/productimages/4/4752370.jpg",
    "price": 12.5,
    "quantity": 1,
    "unitPrice": 12.5
  },
  {
    "name": "Fusian Instant Noodles Thai Tom Yum 5 Pack",
    "url": "https://www.coles.com.au/product/maggi-fusian-instant-noodles-thai-tom-yum-5-pack-400g-3992899",
    "img": "https://productimages.coles.com.au/productimages/3/3992899.jpg",
    "price": 5,
    "quantity": 0.4,
    "unitPrice": 12.5
  },
  {
    "name": "Fusian Instant Noodles Thai Tom Yum 5 Pack",
    "url": "https://www.coles.com.au/product/maggi-fusian-instant-noodles-thai-tom-yum-5-pack-400g-3992899",
    "img": "https://productimages.coles.com.au/productimages/3/3992899.jpg",
    "price": 5,
    "quantity": 0.4,
    "unitPrice": 12.5
  },
  {
    "name": "Mi Goreng Hot & Spicy Instant Noodles",
    "url": "https://www.coles.com.au/product/indomie-mi-goreng-hot-&-spicy-instant-noodles-80g-1598160",
    "img": "https://productimages.coles.com.au/productimages/1/1598160.jpg",
    "price": 1,
    "quantity": 0.08,
    "unitPrice": 12.5
  },
  {
    "name": "Chicken Curry Flavour Instant Noodles",
    "url": "https://www.coles.com.au/product/indomie-chicken-curry-flavour-instant-noodles-80g-5252758",
    "img": "https://productimages.coles.com.au/productimages/5/5252758.jpg",
    "price": 1,
    "quantity": 0.08,
    "unitPrice": 12.5
  },
  {
    "name": "Coconut Milk Tetra Edge",
    "url": "https://www.coles.com.au/product/ayam-coconut-milk-tetra-edge-200ml-6149313",
    "img": "https://productimages.coles.com.au/productimages/6/6149313.jpg",
    "price": 2.5,
    "quantity": 0.2,
    "unitPrice": 12.5
  },
  {
    "name": "Coconut Cream Tetra Edge",
    "url": "https://www.coles.com.au/product/ayam-coconut-cream-tetra-edge-200ml-6149335",
    "img": "https://productimages.coles.com.au/productimages/6/6149335.jpg",
    "price": 2.5,
    "quantity": 0.2,
    "unitPrice": 12.5
  },
  {
    "name": "Street Tortilla Wraps 10 Pack",
    "url": "https://www.coles.com.au/product/coles-street-tortilla-wraps-10-pack-280g-3478997",
    "img": "https://productimages.coles.com.au/productimages/3/3478997.jpg",
    "price": 3.5,
    "quantity": 0.28,
    "unitPrice": 12.5
  },
  {
    "name": "Date And Tamarind Chutney",
    "url": "https://www.coles.com.au/product/sabrini-date-and-tamarind-chutney-360g-4357262",
    "img": "https://productimages.coles.com.au/productimages/4/4357262.jpg",
    "price": 4.5,
    "quantity": 0.36,
    "unitPrice": 12.5
  },
  {
    "name": "Hot Pot Wide Glass Noodles",
    "url": "https://www.coles.com.au/product/osha-hot-pot-wide-glass-noodles-400g-4209130",
    "img": "https://productimages.coles.com.au/productimages/4/4209130.jpg",
    "price": 5,
    "quantity": 0.4,
    "unitPrice": 12.5
  },
  {
    "name": "Authentic Pho Noodle",
    "url": "https://www.coles.com.au/product/roll'd-authentic-pho-noodle-400g-5020435",
    "img": "https://productimages.coles.com.au/productimages/5/5020435.jpg",
    "price": 5,
    "quantity": 0.4,
    "unitPrice": 12.5
  },
  {
    "name": "Pure Australian Honey",
    "url": "https://www.coles.com.au/product/coles-pure-australian-honey-1kg-4752370",
    "img": "https://productimages.coles.com.au/productimages/4/4752370.jpg",
    "price": 12.5,
    "quantity": 1,
    "unitPrice": 12.5
  },
  {
    "name": "Marinade & Cook Teriyaki",
    "url": "https://www.coles.com.au/product/coles-marinade-&-cook-teriyaki-120g-5443213",
    "img": "https://productimages.coles.com.au/productimages/5/5443213.jpg",
    "price": 1.5,
    "quantity": 0.12,
    "unitPrice": 12.5
  },
  {
    "name": "Marinade & Cook Sweet Chilli & Lime",
    "url": "https://www.coles.com.au/product/coles-marinade-&-cook-sweet-chilli-&-lime-120g-5443268",
    "img": "https://productimages.coles.com.au/productimages/5/5443268.jpg",
    "price": 1.5,
    "quantity": 0.12,
    "unitPrice": 12.5
  },
  {
    "name": "Real Mayonnaise",
    "url": "https://www.coles.com.au/product/hellmann's-real-mayonnaise-400g-4707648",
    "img": "https://productimages.coles.com.au/productimages/4/4707648.jpg",
    "price": 5,
    "quantity": 0.4,
    "unitPrice": 12.5
  },
  {
    "name": "Marinade & Cook Teriyaki",
    "url": "https://www.coles.com.au/product/coles-marinade-&-cook-teriyaki-120g-5443213",
    "img": "https://productimages.coles.com.au/productimages/5/5443213.jpg",
    "price": 1.5,
    "quantity": 0.12,
    "unitPrice": 12.5
  },
  {
    "name": "Marinade & Cook Sweet Chilli & Lime",
    "url": "https://www.coles.com.au/product/coles-marinade-&-cook-sweet-chilli-&-lime-120g-5443268",
    "img": "https://productimages.coles.com.au/productimages/5/5443268.jpg",
    "price": 1.5,
    "quantity": 0.12,
    "unitPrice": 12.5
  },
  {
    "name": "Real Mayonnaise",
    "url": "https://www.coles.com.au/product/hellmann's-real-mayonnaise-400g-4707648",
    "img": "https://productimages.coles.com.au/productimages/4/4707648.jpg",
    "price": 5,
    "quantity": 0.4,
    "unitPrice": 12.5
  },
  {
    "name": "Pizza Sauce Classica",
    "url": "https://www.coles.com.au/product/mutti-pizza-sauce-classica-280g-6327397",
    "img": "https://productimages.coles.com.au/productimages/6/6327397.jpg",
    "price": 3.5,
    "quantity": 0.28,
    "unitPrice": 12.5
  },
  {
    "name": "Pizza Sauce Aromatica",
    "url": "https://www.coles.com.au/product/mutti-pizza-sauce-aromatica-280g-6327488",
    "img": "https://productimages.coles.com.au/productimages/6/6327488.jpg",
    "price": 3.5,
    "quantity": 0.28,
    "unitPrice": 12.5
  },
  {
    "name": "Tomato Paste 2 Pack",
    "url": "https://www.coles.com.au/product/leggo's-tomato-paste-2-pack-280g-25180",
    "img": "https://productimages.coles.com.au/productimages/2/25180.jpg",
    "price": 3.5,
    "quantity": 0.28,
    "unitPrice": 12.5
  },
  {
    "name": "Pizza Sauce Classica",
    "url": "https://www.coles.com.au/product/mutti-pizza-sauce-classica-280g-6327397",
    "img": "https://productimages.coles.com.au/productimages/6/6327397.jpg",
    "price": 3.5,
    "quantity": 0.28,
    "unitPrice": 12.5
  },
  {
    "name": "Pizza Sauce Aromatica",
    "url": "https://www.coles.com.au/product/mutti-pizza-sauce-aromatica-280g-6327488",
    "img": "https://productimages.coles.com.au/productimages/6/6327488.jpg",
    "price": 3.5,
    "quantity": 0.28,
    "unitPrice": 12.5
  },
  {
    "name": "Woolworths Herring Fillets In Tomato Sauce",
    "url": "https://www.woolworths.com.au/shop/productdetails/873020",
    "img": "https://cdn0.woolworths.media/content/wowproductimages/medium/873020.jpg",
    "price": 2.5,
    "quantity": 0.2,
    "unitPrice": 12.5
  },
  {
    "name": "Woolworths Herring Fillets In Mango Pepper Sauce",
    "url": "https://www.woolworths.com.au/shop/productdetails/873021",
    "img": "https://cdn0.woolworths.media/content/wowproductimages/medium/873021.jpg",
    "price": 2.5,
    "quantity": 0.2,
    "unitPrice": 12.5
  },
  {
    "name": "Latina Fresh Ready Meal Angus Beef & Veg Lasagne Chilled Meal",
    "url": "https://www.woolworths.com.au/shop/productdetails/601940",
    "img": "https://cdn0.woolworths.media/content/wowproductimages/medium/601940.jpg",
    "price": 19.95,
    "quantity": 1.6,
    "unitPrice": 12.5
  },
  {
    "name": "Johnny Wong Stir Fry Rice Noodles",
    "url": "https://www.woolworths.com.au/shop/productdetails/278366",
    "img": "https://cdn0.woolworths.media/content/wowproductimages/medium/278366.jpg",
    "price": 5,
    "quantity": 0.4,
    "unitPrice": 12.5
  },
  {
    "name": "Umami Edamame Salad",
    "url": "https://www.woolworths.com.au/shop/productdetails/658326",
    "img": "https://cdn0.woolworths.media/content/wowproductimages/medium/658326.jpg",
    "price": 2.5,
    "quantity": 0.2,
    "unitPrice": 12.5
  },
  {
    "name": "Woolworths Tarts Large Custard",
    "url": "https://www.woolworths.com.au/shop/productdetails/740058",
    "img": "https://cdn0.woolworths.media/content/wowproductimages/medium/740058.jpg",
    "price": 6,
    "quantity": 0.48,
    "unitPrice": 12.5
  },
  {
    "name": "Sonoma Country White Sourdough",
    "url": "https://www.woolworths.com.au/shop/productdetails/322759",
    "img": "https://cdn0.woolworths.media/content/wowproductimages/medium/322759.jpg",
    "price": 8,
    "quantity": 0.64,
    "unitPrice": 12.5
  },
  {
    "name": "Golden Pancakes",
    "url": "https://www.woolworths.com.au/shop/productdetails/33140",
    "img": "https://cdn0.woolworths.media/content/wowproductimages/medium/033140.jpg",
    "price": 4.5,
    "quantity": 0.36,
    "unitPrice": 12.5
  },
  {
    "name": "Woolworths Tarts Large Custard",
    "url": "https://www.woolworths.com.au/shop/productdetails/740058",
    "img": "https://cdn0.woolworths.media/content/wowproductimages/medium/740058.jpg",
    "price": 6,
    "quantity": 0.48,
    "unitPrice": 12.5
  },
  {
    "name": "Woolworths Cook Stir-fry Traditional Vegetables",
    "url": "https://www.woolworths.com.au/shop/productdetails/139033",
    "img": "https://cdn0.woolworths.media/content/wowproductimages/medium/139033.jpg",
    "price": 5,
    "quantity": 0.4,
    "unitPrice": 12.5
  },
  {
    "name": "Woolworths Cook Potato Baby Herb & Butter",
    "url": "https://www.woolworths.com.au/shop/productdetails/224918",
    "img": "https://cdn0.woolworths.media/content/wowproductimages/medium/224918.jpg",
    "price": 5,
    "quantity": 0.4,
    "unitPrice": 12.5
  },
  {
    "name": "Woolworths Quick Cook Potatoes With Garlic & Rosemary",
    "url": "https://www.woolworths.com.au/shop/productdetails/79986",
    "img": "https://cdn0.woolworths.media/content/wowproductimages/medium/079986.jpg",
    "price": 5,
    "quantity": 0.4,
    "unitPrice": 12.5
  },
  {
    "name": "Woolworths Roasted Garlilc Butter Baby Potatoes",
    "url": "https://www.woolworths.com.au/shop/productdetails/290644",
    "img": "https://cdn0.woolworths.media/content/wowproductimages/medium/290644.jpg",
    "price": 5,
    "quantity": 0.4,
    "unitPrice": 12.5
  },
  {
    "name": "Ben's Original 10+ Microwave Rice Mexican Style",
    "url": "https://www.woolworths.com.au/shop/productdetails/349196",
    "img": "https://cdn0.woolworths.media/content/wowproductimages/medium/349196.jpg",
    "price": 3,
    "quantity": 0.24,
    "unitPrice": 12.5
  },
  {
    "name": "Ben's Original 10+ Microwave Rice Chinese Style",
    "url": "https://www.woolworths.com.au/shop/productdetails/353145",
    "img": "https://cdn0.woolworths.media/content/wowproductimages/medium/353145.jpg",
    "price": 3,
    "quantity": 0.24,
    "unitPrice": 12.5
  },
  {
    "name": "Ben's Original 10+ Microwave Rice Mediterranean Style",
    "url": "https://www.woolworths.com.au/shop/productdetails/335591",
    "img": "https://cdn0.woolworths.media/content/wowproductimages/medium/335591.jpg",
    "price": 3,
    "quantity": 0.24,
    "unitPrice": 12.5
  },
  {
    "name": "Macro Organic Whole Chicken",
    "url": "https://www.woolworths.com.au/shop/productdetails/229320",
    "img": "https://cdn0.woolworths.media/content/wowproductimages/medium/229320.jpg",
    "price": 33.75,
    "quantity": 2.7,
    "unitPrice": 12.5
  },
  {
    "name": "Bertocchi Ham Picnic Shoulder",
    "url": "https://www.woolworths.com.au/shop/productdetails/709251",
    "img": "https://cdn0.woolworths.media/content/wowproductimages/medium/709251.jpg",
    "price": 57.5,
    "quantity": 4.6,
    "unitPrice": 12.5
  },
  {
    "name": "Sunsol Pro-biotic Almond & Manuka Honey Toasted Muesli",
    "url": "https://www.woolworths.com.au/shop/productdetails/84590",
    "img": "https://cdn0.woolworths.media/content/wowproductimages/medium/084590.jpg",
    "price": 5,
    "quantity": 0.4,
    "unitPrice": 12.5
  },
  {
    "name": "Sunsol Low Sugar Macadamia Coconut & Dark Choc Muesli",
    "url": "https://www.woolworths.com.au/shop/productdetails/189559",
    "img": "https://cdn0.woolworths.media/content/wowproductimages/medium/189559.jpg",
    "price": 5,
    "quantity": 0.4,
    "unitPrice": 12.5
  },
  {
    "name": "Sunsol Low Sugar Almond Superseed & Dark Choc Muesli",
    "url": "https://www.woolworths.com.au/shop/productdetails/189561",
    "img": "https://cdn0.woolworths.media/content/wowproductimages/medium/189561.jpg",
    "price": 5,
    "quantity": 0.4,
    "unitPrice": 12.5
  },
  {
    "name": "Sanitarium Weet-bix Limited Edition Weis Mango",
    "url": "https://www.woolworths.com.au/shop/productdetails/274871",
    "img": "https://cdn0.woolworths.media/content/wowproductimages/medium/274871.jpg",
    "price": 6,
    "quantity": 0.48,
    "unitPrice": 12.5
  },
  {
    "name": "Woolworths Pure Australian Honey Pail",
    "url": "https://www.woolworths.com.au/shop/productdetails/808997",
    "img": "https://cdn0.woolworths.media/content/wowproductimages/medium/808997.jpg",
    "price": 12.5,
    "quantity": 1,
    "unitPrice": 12.5
  },
  {
    "name": "Uncle Tobys Plus Muesli Flakes Cereal",
    "url": "https://www.woolworths.com.au/shop/productdetails/387305",
    "img": "https://cdn0.woolworths.media/content/wowproductimages/medium/387305.jpg",
    "price": 8.8,
    "quantity": 0.705,
    "unitPrice": 12.5
  },
  {
    "name": "Mutti Pizza Sauce Classica",
    "url": "https://www.woolworths.com.au/shop/productdetails/248659",
    "img": "https://cdn0.woolworths.media/content/wowproductimages/medium/248659.jpg",
    "price": 3.5,
    "quantity": 0.28,
    "unitPrice": 12.5
  },
  {
    "name": "Mutti Pizza Sauce Aromatica",
    "url": "https://www.woolworths.com.au/shop/productdetails/249414",
    "img": "https://cdn0.woolworths.media/content/wowproductimages/medium/249414.jpg",
    "price": 3.5,
    "quantity": 0.28,
    "unitPrice": 12.5
  },
  {
    "name": "Woolworths Cooking Chocolate Milk",
    "url": "https://www.woolworths.com.au/shop/productdetails/246611",
    "img": "https://cdn0.woolworths.media/content/wowproductimages/medium/246611.jpg",
    "price": 2.5,
    "quantity": 0.2,
    "unitPrice": 12.5
  },
  {
    "name": "Woolworths Cooking Chocolate White",
    "url": "https://www.woolworths.com.au/shop/productdetails/256893",
    "img": "https://cdn0.woolworths.media/content/wowproductimages/medium/256893.jpg",
    "price": 2.5,
    "quantity": 0.2,
    "unitPrice": 12.5
  },
  {
    "name": "Woolworths Cooking Chocolate Dark",
    "url": "https://www.woolworths.com.au/shop/productdetails/246610",
    "img": "https://cdn0.woolworths.media/content/wowproductimages/medium/246610.jpg",
    "price": 2.5,
    "quantity": 0.2,
    "unitPrice": 12.5
  },
  {
    "name": "Donna Hay Vanilla Cupcake Mix With Marshmallow Frosting",
    "url": "https://www.woolworths.com.au/shop/productdetails/281039",
    "img": "https://cdn0.woolworths.media/content/wowproductimages/medium/281039.jpg",
    "price": 7,
    "quantity": 0.56,
    "unitPrice": 12.5
  },
  {
    "name": "Yopro Perform Yoghurt Mixed Berries",
    "url": "https://www.coles.com.au/product/danone-yopro-perform-yoghurt-mixed-berries-700g-4935020",
    "img": "https://productimages.coles.com.au/productimages/4/4935020.jpg",
    "price": 8.8,
    "quantity": 0.7,
    "unitPrice": 12.6
  },
  {
    "name": "Yopro Perform Plain Yoghurt",
    "url": "https://www.coles.com.au/product/danone-yopro-perform-plain-yoghurt-700g-4935041",
    "img": "https://productimages.coles.com.au/productimages/4/4935041.jpg",
    "price": 8.8,
    "quantity": 0.7,
    "unitPrice": 12.6
  },
  {
    "name": "Gaytime Blondie Brownie Mix",
    "url": "https://www.coles.com.au/product/greens-gaytime-blondie-brownie-mix-555g-4510031",
    "img": "https://productimages.coles.com.au/productimages/4/4510031.jpg",
    "price": 7,
    "quantity": 0.555,
    "unitPrice": 12.6
  },
  {
    "name": "Unbelievably Good Brownie Mix",
    "url": "https://www.coles.com.au/product/white-wings-unbelievably-good-brownie-mix-475g-6064108",
    "img": "https://productimages.coles.com.au/productimages/6/6064108.jpg",
    "price": 6,
    "quantity": 0.475,
    "unitPrice": 12.6
  },
  {
    "name": "Plus Fibre Breakfast Cereal",
    "url": "https://www.coles.com.au/product/uncle-tobys-plus-fibre-breakfast-cereal-700g-7019620",
    "img": "https://productimages.coles.com.au/productimages/7/7019620.jpg",
    "price": 8.8,
    "quantity": 0.7,
    "unitPrice": 12.6
  },
  {
    "name": "Punjabi Cookies",
    "url": "https://www.coles.com.au/product/britannia--punjabi-cookies-620g-2235661",
    "img": "https://productimages.coles.com.au/productimages/2/2235661.jpg",
    "price": 7.8,
    "quantity": 0.62,
    "unitPrice": 12.6
  },
  {
    "name": "Chicken Patties",
    "url": "https://www.coles.com.au/product/olga's-fine-foods-chicken-patties-500g-8698141",
    "img": "https://productimages.coles.com.au/productimages/8/8698141.jpg",
    "price": 6.3,
    "quantity": 0.5,
    "unitPrice": 12.6
  },
  {
    "name": "Woolworths 6 Extra Large Free Range Eggs",
    "url": "https://www.woolworths.com.au/shop/productdetails/700426",
    "img": "https://cdn0.woolworths.media/content/wowproductimages/medium/700426.jpg",
    "price": 4.4,
    "quantity": 0.35,
    "unitPrice": 12.6
  },
  {
    "name": "The Odd Bunch Lime Prepacked",
    "url": "https://www.woolworths.com.au/shop/productdetails/830354",
    "img": "https://cdn0.woolworths.media/content/wowproductimages/medium/830354.jpg",
    "price": 6.3,
    "quantity": 0.5,
    "unitPrice": 12.6
  },
  {
    "name": "Uncle Tobys Oat Crisp Honey & Macadamia Breakfast Cereal",
    "url": "https://www.woolworths.com.au/shop/productdetails/827576",
    "img": "https://cdn0.woolworths.media/content/wowproductimages/medium/827576.jpg",
    "price": 6,
    "quantity": 0.475,
    "unitPrice": 12.6
  },
  {
    "name": "Uncle Tobys Plus Fibre Cereal",
    "url": "https://www.woolworths.com.au/shop/productdetails/387492",
    "img": "https://cdn0.woolworths.media/content/wowproductimages/medium/387492.jpg",
    "price": 8.8,
    "quantity": 0.7,
    "unitPrice": 12.6
  },
  {
    "name": "Green's Golden Gaytime Brownie Mix",
    "url": "https://www.woolworths.com.au/shop/productdetails/290132",
    "img": "https://cdn0.woolworths.media/content/wowproductimages/medium/290132.jpg",
    "price": 7,
    "quantity": 0.555,
    "unitPrice": 12.6
  },
  {
    "name": "Piquillo Peppers",
    "url": "https://www.coles.com.au/product/always-fresh-piquillo-peppers-285g-5914444",
    "img": "https://productimages.coles.com.au/productimages/5/5914444.jpg",
    "price": 3.6,
    "quantity": 0.285,
    "unitPrice": 12.63
  },
  {
    "name": "Piquillo Peppers",
    "url": "https://www.coles.com.au/product/always-fresh-piquillo-peppers-285g-5914444",
    "img": "https://productimages.coles.com.au/productimages/5/5914444.jpg",
    "price": 3.6,
    "quantity": 0.285,
    "unitPrice": 12.63
  },
  {
    "name": "Suntory Boss Coffee Iced Long Black",
    "url": "https://www.woolworths.com.au/shop/productdetails/66122",
    "img": "https://cdn0.woolworths.media/content/wowproductimages/medium/066122.jpg",
    "price": 3,
    "quantity": 0.237,
    "unitPrice": 12.66
  },
  {
    "name": "Suntory Boss Coffee Iced Latte",
    "url": "https://www.woolworths.com.au/shop/productdetails/65575",
    "img": "https://cdn0.woolworths.media/content/wowproductimages/medium/065575.jpg",
    "price": 3,
    "quantity": 0.237,
    "unitPrice": 12.66
  },
  {
    "name": "Suntory Boss Iced Coffee Double Espresso",
    "url": "https://www.woolworths.com.au/shop/productdetails/175034",
    "img": "https://cdn0.woolworths.media/content/wowproductimages/medium/175034.jpg",
    "price": 3,
    "quantity": 0.237,
    "unitPrice": 12.66
  },
  {
    "name": "Suntory Boss Coffee Iced Vanilla Latte",
    "url": "https://www.woolworths.com.au/shop/productdetails/117739",
    "img": "https://cdn0.woolworths.media/content/wowproductimages/medium/117739.jpg",
    "price": 3,
    "quantity": 0.237,
    "unitPrice": 12.66
  },
  {
    "name": "Suntory Boss Coffee Iced Caramel Latte",
    "url": "https://www.woolworths.com.au/shop/productdetails/239021",
    "img": "https://cdn0.woolworths.media/content/wowproductimages/medium/239021.jpg",
    "price": 3,
    "quantity": 0.237,
    "unitPrice": 12.66
  },
  {
    "name": "World Kitchen Italian Feast Pizza",
    "url": "https://www.aldi.com.au/en/groceries/limited-time-only/limited-time-only-detail/ps/p/world-kitchen-italian-feast-pizza-510g/",
    "img": "https://www.aldi.com.au/fileadmin/_processed_/8/4/csm_1000274-1_LTO_1x1__W34__228x128_5_RET_3293d56e8b.png",
    "price": 6.49,
    "quantity": 0.51,
    "unitPrice": 12.7
  },
  {
    "name": "World Kitchen Italian Feast Pizza",
    "url": "https://www.aldi.com.au/en/groceries/limited-time-only/limited-time-only-detail/ps/p/world-kitchen-italian-feast-pizza-510g/",
    "img": "https://www.aldi.com.au/fileadmin/_processed_/8/4/csm_1000274-1_LTO_1x1__W34__228x128_5_RET_3293d56e8b.png",
    "price": 6.49,
    "quantity": 0.51,
    "unitPrice": 12.7
  },
  {
    "name": "Free Range Eggs 6 Pack",
    "url": "https://www.coles.com.au/product/coles-free-range-eggs-6-pack-300g-2680008",
    "img": "https://productimages.coles.com.au/productimages/2/2680008.jpg",
    "price": 3.8,
    "quantity": 0.3,
    "unitPrice": 12.7
  },
  {
    "name": "Coffee & Milk",
    "url": "https://www.coles.com.au/product/nestle-coffee-&-milk-395g-3995999",
    "img": "https://productimages.coles.com.au/productimages/3/3995999.jpg",
    "price": 5,
    "quantity": 0.395,
    "unitPrice": 12.7
  },
  {
    "name": "Coffee & Milk",
    "url": "https://www.coles.com.au/product/nestle-coffee-&-milk-395g-3995999",
    "img": "https://productimages.coles.com.au/productimages/3/3995999.jpg",
    "price": 5,
    "quantity": 0.395,
    "unitPrice": 12.7
  },
  {
    "name": "Little Hearts",
    "url": "https://www.coles.com.au/product/britannia-little-hearts-75g-2603030",
    "img": "https://productimages.coles.com.au/productimages/2/2603030.jpg",
    "price": 0.95,
    "quantity": 0.075,
    "unitPrice": 12.7
  },
  {
    "name": "Extra Virgin Olive Oil",
    "url": "https://www.coles.com.au/product/red-island-extra-virgin-olive-oil-3l-4690002",
    "img": "https://productimages.coles.com.au/productimages/4/4690002.jpg",
    "price": 38,
    "quantity": 3,
    "unitPrice": 12.7
  },
  {
    "name": "Squeeze Light Mayonnaise",
    "url": "https://www.coles.com.au/product/hellmann's-squeeze-light-mayonnaise-432g-5493481",
    "img": "https://productimages.coles.com.au/productimages/5/5493481.jpg",
    "price": 5.5,
    "quantity": 0.432,
    "unitPrice": 12.7
  },
  {
    "name": "Tip Top The One Gluten Free White Sandwich Slice Bread Loaf",
    "url": "https://www.woolworths.com.au/shop/productdetails/165306",
    "img": "https://cdn0.woolworths.media/content/wowproductimages/medium/165306.jpg",
    "price": 7,
    "quantity": 0.55,
    "unitPrice": 12.7
  },
  {
    "name": "Tip Top The One Gluten Free Smooth Wholegrain Bread",
    "url": "https://www.woolworths.com.au/shop/productdetails/218375",
    "img": "https://cdn0.woolworths.media/content/wowproductimages/medium/218375.jpg",
    "price": 7,
    "quantity": 0.55,
    "unitPrice": 12.7
  },
  {
    "name": "Kitchen Asian Salad Kit",
    "url": "https://www.coles.com.au/product/coles-kitchen-asian-salad-kit-550g-4989110",
    "img": "https://productimages.coles.com.au/productimages/4/4989110.jpg",
    "price": 7,
    "quantity": 0.55,
    "unitPrice": 12.73
  },
  {
    "name": "Kitchen Asian Salad Kit",
    "url": "https://www.coles.com.au/product/coles-kitchen-asian-salad-kit-550g-4989110",
    "img": "https://productimages.coles.com.au/productimages/4/4989110.jpg",
    "price": 7,
    "quantity": 0.55,
    "unitPrice": 12.73
  },
  {
    "name": "Roasted Red Pepper Strips",
    "url": "https://www.coles.com.au/product/sandhurst-roasted-red-pepper-strips-470g-3628580",
    "img": "https://productimages.coles.com.au/productimages/3/3628580.jpg",
    "price": 6,
    "quantity": 0.47,
    "unitPrice": 12.77
  },
  {
    "name": "Pure Valley Salted Butter",
    "url": "https://www.aldi.com.au/en/groceries/fresh-produce/dairy-eggs/dairy-eggs-detail/ps/p/pure-valley-salted-butter-500g/",
    "img": "https://www.aldi.com.au/fileadmin/_processed_/8/d/csm_1001829-2_Q1-WEB-AUDIT_DAIRY-EGGS_1x1_228x128_17_RET_d8e87e919a.png",
    "price": 6.39,
    "quantity": 0.5,
    "unitPrice": 12.8
  },
  {
    "name": "Pure Valley Unsalted Butter",
    "url": "https://www.aldi.com.au/en/groceries/fresh-produce/dairy-eggs/dairy-eggs-detail/ps/p/pure-valley-unsalted-butter-500g/",
    "img": "https://www.aldi.com.au/fileadmin/_processed_/1/a/csm_1001829-2_Q1-WEB-AUDIT_DAIRY-EGGS_1x1_228x128_18_RET_e96d59f184.png",
    "price": 6.39,
    "quantity": 0.5,
    "unitPrice": 12.8
  },
  {
    "name": "Flat Mushrooms loose",
    "url": "https://www.coles.com.au/product/coles-flat-mushrooms-loose-approx.-350g-each-4594031",
    "img": "https://productimages.coles.com.au/productimages/4/4594031.jpg",
    "price": 4.48,
    "quantity": 0.35,
    "unitPrice": 12.8
  },
  {
    "name": "Flat Mushrooms loose",
    "url": "https://www.coles.com.au/product/coles-flat-mushrooms-loose-approx.-350g-each-4594031",
    "img": "https://productimages.coles.com.au/productimages/4/4594031.jpg",
    "price": 4.48,
    "quantity": 0.35,
    "unitPrice": 12.8
  },
  {
    "name": "Italian Passata Sauced Pizza Base",
    "url": "https://www.coles.com.au/product/coles-finest-italian-passata-sauced-pizza-base-250g-4691560",
    "img": "https://productimages.coles.com.au/productimages/4/4691560.jpg",
    "price": 3.2,
    "quantity": 0.25,
    "unitPrice": 12.8
  },
  {
    "name": "Butter",
    "url": "https://www.coles.com.au/product/salted-butter-500g-3169880",
    "img": "https://productimages.coles.com.au/productimages/3/3169880.jpg",
    "price": 6.4,
    "quantity": 0.5,
    "unitPrice": 12.8
  },
  {
    "name": "Plain Firm Tofu",
    "url": "https://www.coles.com.au/product/simply-better-plain-firm-tofu-375g-5005602",
    "img": "https://productimages.coles.com.au/productimages/5/5005602.jpg",
    "price": 4.8,
    "quantity": 0.375,
    "unitPrice": 12.8
  },
  {
    "name": "Spreadable Blend Regular Salt Reduced",
    "url": "https://www.coles.com.au/product/western-star-spreadable-blend-regular-salt-reduced-375g-7716827",
    "img": "https://productimages.coles.com.au/productimages/7/7716827.jpg",
    "price": 4.8,
    "quantity": 0.375,
    "unitPrice": 12.8
  },
  {
    "name": "Original Spreadable Butter Blend",
    "url": "https://www.coles.com.au/product/western-star-original-spreadable-butter-blend-375g-7716850",
    "img": "https://productimages.coles.com.au/productimages/7/7716850.jpg",
    "price": 4.8,
    "quantity": 0.375,
    "unitPrice": 12.8
  },
  {
    "name": "Spreadable Butter Blend",
    "url": "https://www.coles.com.au/product/western-star-spreadable-butter-blend-375g-9615263",
    "img": "https://productimages.coles.com.au/productimages/9/9615263.jpg",
    "price": 4.8,
    "quantity": 0.375,
    "unitPrice": 12.8
  },
  {
    "name": "Weet-Bix Gluten Free Cereal",
    "url": "https://www.coles.com.au/product/sanitarium-weet-bix-gluten-free-cereal-375g-2001365",
    "img": "https://productimages.coles.com.au/productimages/2/2001365.jpg",
    "price": 4.8,
    "quantity": 0.375,
    "unitPrice": 12.8
  },
  {
    "name": "Australian Grown Diced Capsicum",
    "url": "https://www.coles.com.au/product/edgell-australian-grown-diced-capsicum-125g-132464",
    "img": "https://productimages.coles.com.au/productimages/1/132464.jpg",
    "price": 1.6,
    "quantity": 0.125,
    "unitPrice": 12.8
  },
  {
    "name": "Cream Whipping UHT",
    "url": "https://www.coles.com.au/product/australia's-own-cream-whipping-uht-250ml-6494628",
    "img": "https://productimages.coles.com.au/productimages/6/6494628.jpg",
    "price": 3.2,
    "quantity": 0.25,
    "unitPrice": 12.8
  },
  {
    "name": "Australian Grown Diced Capsicum",
    "url": "https://www.coles.com.au/product/edgell-australian-grown-diced-capsicum-125g-132464",
    "img": "https://productimages.coles.com.au/productimages/1/132464.jpg",
    "price": 1.6,
    "quantity": 0.125,
    "unitPrice": 12.8
  },
  {
    "name": "Cream Whipping UHT",
    "url": "https://www.coles.com.au/product/australia's-own-cream-whipping-uht-250ml-6494628",
    "img": "https://productimages.coles.com.au/productimages/6/6494628.jpg",
    "price": 3.2,
    "quantity": 0.25,
    "unitPrice": 12.8
  },
  {
    "name": "Egg Noodle Pasta Medium",
    "url": "https://www.coles.com.au/product/olympian-egg-noodle-pasta-medium-250g-2035287",
    "img": "https://productimages.coles.com.au/productimages/2/2035287.jpg",
    "price": 3.2,
    "quantity": 0.25,
    "unitPrice": 12.8
  },
  {
    "name": "Latina Fresh Veal Tortellini Pasta",
    "url": "https://www.woolworths.com.au/shop/productdetails/54264",
    "img": "https://cdn0.woolworths.media/content/wowproductimages/medium/054264.jpg",
    "price": 8,
    "quantity": 0.625,
    "unitPrice": 12.8
  },
  {
    "name": "Latina Fresh Beef Ravioli Pasta Ravioli",
    "url": "https://www.woolworths.com.au/shop/productdetails/54267",
    "img": "https://cdn0.woolworths.media/content/wowproductimages/medium/054267.jpg",
    "price": 8,
    "quantity": 0.625,
    "unitPrice": 12.8
  },
  {
    "name": "Latina Fresh Ricotta & Spinach Agnolotti Pasta",
    "url": "https://www.woolworths.com.au/shop/productdetails/44977",
    "img": "https://cdn0.woolworths.media/content/wowproductimages/medium/044977.jpg",
    "price": 8,
    "quantity": 0.625,
    "unitPrice": 12.8
  },
  {
    "name": "Latina Fresh Roast Chicken & Garlic Ravioli Pasta",
    "url": "https://www.woolworths.com.au/shop/productdetails/335534",
    "img": "https://cdn0.woolworths.media/content/wowproductimages/medium/335534.jpg",
    "price": 8,
    "quantity": 0.625,
    "unitPrice": 12.8
  },
  {
    "name": "Edgell Australian Diced Capsicum Canned Vegetables",
    "url": "https://www.woolworths.com.au/shop/productdetails/36791",
    "img": "https://cdn0.woolworths.media/content/wowproductimages/medium/036791.jpg",
    "price": 1.6,
    "quantity": 0.125,
    "unitPrice": 12.8
  },
  {
    "name": "Essentials Salted Butter",
    "url": "https://www.woolworths.com.au/shop/productdetails/48650",
    "img": "https://cdn0.woolworths.media/content/wowproductimages/medium/048650.jpg",
    "price": 6.4,
    "quantity": 0.5,
    "unitPrice": 12.8
  },
  {
    "name": "Edgell Australian Diced Capsicum Canned Vegetables",
    "url": "https://www.woolworths.com.au/shop/productdetails/36791",
    "img": "https://cdn0.woolworths.media/content/wowproductimages/medium/036791.jpg",
    "price": 1.6,
    "quantity": 0.125,
    "unitPrice": 12.8
  },
  {
    "name": "Sanitarium Weet-bix Gluten Free Breakfast Cereal",
    "url": "https://www.woolworths.com.au/shop/productdetails/794875",
    "img": "https://cdn0.woolworths.media/content/wowproductimages/medium/794875.jpg",
    "price": 4.8,
    "quantity": 0.375,
    "unitPrice": 12.8
  },
  {
    "name": "Kellogg's Special K Original Breakfast Cereal Value Pack",
    "url": "https://www.woolworths.com.au/shop/productdetails/86398",
    "img": "https://cdn0.woolworths.media/content/wowproductimages/medium/086398.jpg",
    "price": 11,
    "quantity": 0.86,
    "unitPrice": 12.8
  },
  {
    "name": "Pitted Green Olives",
    "url": "https://www.coles.com.au/product/sandhurst-pitted-green-olives-350g-8631708",
    "img": "https://productimages.coles.com.au/productimages/8/8631708.jpg",
    "price": 4.5,
    "quantity": 0.35,
    "unitPrice": 12.86
  },
  {
    "name": "Bull Free Beef Raw Prime Mince",
    "url": "https://www.coles.com.au/product/sunfed-bull-free-beef-raw-prime-mince-350g-4226231",
    "img": "https://productimages.coles.com.au/productimages/4/4226231.jpg",
    "price": 4.5,
    "quantity": 0.35,
    "unitPrice": 12.86
  },
  {
    "name": "Black Grapes",
    "url": "https://www.coles.com.au/product/coles-black-grapes-approx.-700g-each-6706282",
    "img": "https://productimages.coles.com.au/productimages/6/6706282.jpg",
    "price": 9.03,
    "quantity": 0.7,
    "unitPrice": 12.9
  },
  {
    "name": "Black Grapes",
    "url": "https://www.coles.com.au/product/coles-black-grapes-approx.-700g-each-6706282",
    "img": "https://productimages.coles.com.au/productimages/6/6706282.jpg",
    "price": 9.03,
    "quantity": 0.7,
    "unitPrice": 12.9
  },
  {
    "name": "Soy Yogurt Strawberry",
    "url": "https://www.coles.com.au/product/vitasoy-soy-yogurt-strawberry-450g-6614606",
    "img": "https://productimages.coles.com.au/productimages/6/6614606.jpg",
    "price": 5.8,
    "quantity": 0.45,
    "unitPrice": 12.9
  },
  {
    "name": "Soy Yogurt Vanilla",
    "url": "https://www.coles.com.au/product/vitasoy-soy-yogurt-vanilla-450g-6614617",
    "img": "https://productimages.coles.com.au/productimages/6/6614617.jpg",
    "price": 5.8,
    "quantity": 0.45,
    "unitPrice": 12.9
  },
  {
    "name": "Yogurt Natural Greek Style",
    "url": "https://www.coles.com.au/product/farmers-union-yogurt-natural-greek-style-240g-6604351",
    "img": "https://productimages.coles.com.au/productimages/6/6604351.jpg",
    "price": 3.1,
    "quantity": 0.24,
    "unitPrice": 12.9
  },
  {
    "name": "Vegetable Harvest Pasta Sauce",
    "url": "https://www.coles.com.au/product/latina-vegetable-harvest-pasta-sauce-425g-5152844",
    "img": "https://productimages.coles.com.au/productimages/5/5152844.jpg",
    "price": 5.5,
    "quantity": 0.425,
    "unitPrice": 12.9
  },
  {
    "name": "Fresh Beef Bolognese",
    "url": "https://www.coles.com.au/product/latina-fresh-beef-bolognese-425g-5220241",
    "img": "https://productimages.coles.com.au/productimages/5/5220241.jpg",
    "price": 5.5,
    "quantity": 0.425,
    "unitPrice": 12.9
  },
  {
    "name": "Fresh Italian Tomato & Garlic Pasta Sauce",
    "url": "https://www.coles.com.au/product/latina-fresh-italian-tomato-&-garlic-pasta-sauce-425g-5233232",
    "img": "https://productimages.coles.com.au/productimages/5/5233232.jpg",
    "price": 5.5,
    "quantity": 0.425,
    "unitPrice": 12.9
  },
  {
    "name": "Fresh Creamy Carbonara Pasta Sauce",
    "url": "https://www.coles.com.au/product/latina-fresh-creamy-carbonara-pasta-sauce-425g-5404109",
    "img": "https://productimages.coles.com.au/productimages/5/5404109.jpg",
    "price": 5.5,
    "quantity": 0.425,
    "unitPrice": 12.9
  },
  {
    "name": "Fresh Creamy Sundried Tomato Pasta Sauce",
    "url": "https://www.coles.com.au/product/latina-fresh-creamy-sundried-tomato-pasta-sauce-425g-6026890",
    "img": "https://productimages.coles.com.au/productimages/6/6026890.jpg",
    "price": 5.5,
    "quantity": 0.425,
    "unitPrice": 12.9
  },
  {
    "name": "100's & 1000's",
    "url": "https://www.coles.com.au/product/coles-100's-&-1000's-350g-2441776",
    "img": "https://productimages.coles.com.au/productimages/2/2441776.jpg",
    "price": 4.5,
    "quantity": 0.35,
    "unitPrice": 12.9
  },
  {
    "name": "Bicarbonate Soda Canister",
    "url": "https://www.coles.com.au/product/mckenzie's-bicarbonate-soda-canister-350g-5824818",
    "img": "https://productimages.coles.com.au/productimages/5/5824818.jpg",
    "price": 4.5,
    "quantity": 0.35,
    "unitPrice": 12.9
  },
  {
    "name": "Sultana Bran High Fibre Breakfast Cereal",
    "url": "https://www.coles.com.au/product/kellogg's-sultana-bran-high-fibre-breakfast-cereal-700g-5105629",
    "img": "https://productimages.coles.com.au/productimages/5/5105629.jpg",
    "price": 9,
    "quantity": 0.7,
    "unitPrice": 12.9
  },
  {
    "name": "Beef Low Calorie Bone Broth Soup",
    "url": "https://www.coles.com.au/product/hart-&-soul-beef-low-calorie-bone-broth-soup-350g-3715833",
    "img": "https://productimages.coles.com.au/productimages/3/3715833.jpg",
    "price": 4.5,
    "quantity": 0.35,
    "unitPrice": 12.9
  },
  {
    "name": "Beef Low Calorie Bone Broth Soup",
    "url": "https://www.coles.com.au/product/hart-&-soul-beef-low-calorie-bone-broth-soup-350g-3715833",
    "img": "https://productimages.coles.com.au/productimages/3/3715833.jpg",
    "price": 4.5,
    "quantity": 0.35,
    "unitPrice": 12.9
  },
  {
    "name": "Easy Mac And Cheese Classic Cheese Pasta Macaroni Noodles",
    "url": "https://www.coles.com.au/product/kraft-easy-mac-and-cheese-classic-cheese-pasta-macaroni-noodles-560g-3221709",
    "img": "https://productimages.coles.com.au/productimages/3/3221709.jpg",
    "price": 7.2,
    "quantity": 0.56,
    "unitPrice": 12.9
  },
  {
    "name": "Indian Roti Plain 6 Pack",
    "url": "https://www.coles.com.au/product/coles-indian-roti-plain-6-pack-280g-3474318",
    "img": "https://productimages.coles.com.au/productimages/3/3474318.jpg",
    "price": 3.6,
    "quantity": 0.28,
    "unitPrice": 12.9
  },
  {
    "name": "Digestive Biscuits",
    "url": "https://www.coles.com.au/product/britannia-digestive-biscuits-225g-2157105",
    "img": "https://productimages.coles.com.au/productimages/2/2157105.jpg",
    "price": 2.9,
    "quantity": 0.225,
    "unitPrice": 12.9
  },
  {
    "name": "Gluten Free Spirals Pasta",
    "url": "https://www.coles.com.au/product/san-remo-gluten-free-spirals-pasta-350g-4275510",
    "img": "https://productimages.coles.com.au/productimages/4/4275510.jpg",
    "price": 4.5,
    "quantity": 0.35,
    "unitPrice": 12.9
  },
  {
    "name": "Gluten Free Spaghetti",
    "url": "https://www.coles.com.au/product/san-remo-gluten-free-spaghetti-350g-4275543",
    "img": "https://productimages.coles.com.au/productimages/4/4275543.jpg",
    "price": 4.5,
    "quantity": 0.35,
    "unitPrice": 12.9
  },
  {
    "name": "Gluten Free Penne Pasta",
    "url": "https://www.coles.com.au/product/san-remo-gluten-free-penne-pasta-350g-4275634",
    "img": "https://productimages.coles.com.au/productimages/4/4275634.jpg",
    "price": 4.5,
    "quantity": 0.35,
    "unitPrice": 12.9
  },
  {
    "name": "Gluten Free Fettuccine  Pasta",
    "url": "https://www.coles.com.au/product/san-remo-gluten-free-fettuccine--pasta-350g-5363748",
    "img": "https://productimages.coles.com.au/productimages/5/5363748.jpg",
    "price": 4.5,
    "quantity": 0.35,
    "unitPrice": 12.9
  },
  {
    "name": "Gluten Free Penne Pasta",
    "url": "https://www.coles.com.au/product/san-remo-gluten-free-penne-pasta-350g-4275634",
    "img": "https://productimages.coles.com.au/productimages/4/4275634.jpg",
    "price": 4.5,
    "quantity": 0.35,
    "unitPrice": 12.9
  },
  {
    "name": "Gluten Free Fettuccine  Pasta",
    "url": "https://www.coles.com.au/product/san-remo-gluten-free-fettuccine--pasta-350g-5363748",
    "img": "https://productimages.coles.com.au/productimages/5/5363748.jpg",
    "price": 4.5,
    "quantity": 0.35,
    "unitPrice": 12.9
  },
  {
    "name": "Woolworths Spaghetti Bolognese Bolognese Chilled Meal",
    "url": "https://www.woolworths.com.au/shop/productdetails/652060",
    "img": "https://cdn0.woolworths.media/content/wowproductimages/medium/652060.jpg",
    "price": 14.2,
    "quantity": 1.1,
    "unitPrice": 12.9
  },
  {
    "name": "Hart & Soul Chicken Bone Broth Soup",
    "url": "https://www.woolworths.com.au/shop/productdetails/81271",
    "img": "https://cdn0.woolworths.media/content/wowproductimages/medium/081271.jpg",
    "price": 4.5,
    "quantity": 0.35,
    "unitPrice": 12.9
  },
  {
    "name": "Hart & Soul Beef Bone Broth Soup",
    "url": "https://www.woolworths.com.au/shop/productdetails/82416",
    "img": "https://cdn0.woolworths.media/content/wowproductimages/medium/082416.jpg",
    "price": 4.5,
    "quantity": 0.35,
    "unitPrice": 12.9
  },
  {
    "name": "Hart & Soul Vegetable Broth Soup",
    "url": "https://www.woolworths.com.au/shop/productdetails/82554",
    "img": "https://cdn0.woolworths.media/content/wowproductimages/medium/082554.jpg",
    "price": 4.5,
    "quantity": 0.35,
    "unitPrice": 12.9
  },
  {
    "name": "Vitasoy Greek Style Soy Yogurt Hint Of Vanilla",
    "url": "https://www.woolworths.com.au/shop/productdetails/229911",
    "img": "https://cdn0.woolworths.media/content/wowproductimages/medium/229911.jpg",
    "price": 5.8,
    "quantity": 0.45,
    "unitPrice": 12.9
  },
  {
    "name": "Vitasoy Greek Style Soy Yogurt Hint Of Strawberry",
    "url": "https://www.woolworths.com.au/shop/productdetails/267031",
    "img": "https://cdn0.woolworths.media/content/wowproductimages/medium/267031.jpg",
    "price": 5.8,
    "quantity": 0.45,
    "unitPrice": 12.9
  },
  {
    "name": "Kraft Easy Mac & Cheese Macaroni Pasta Classic Cheese Noodles",
    "url": "https://www.woolworths.com.au/shop/productdetails/255147",
    "img": "https://cdn0.woolworths.media/content/wowproductimages/medium/255147.jpg",
    "price": 7.2,
    "quantity": 0.56,
    "unitPrice": 12.9
  },
  {
    "name": "San Remo Gluten Free Spaghetti",
    "url": "https://www.woolworths.com.au/shop/productdetails/656967",
    "img": "https://cdn0.woolworths.media/content/wowproductimages/medium/656967.jpg",
    "price": 4.5,
    "quantity": 0.35,
    "unitPrice": 12.9
  },
  {
    "name": "San Remo Gluten Free Spirals",
    "url": "https://www.woolworths.com.au/shop/productdetails/657399",
    "img": "https://cdn0.woolworths.media/content/wowproductimages/medium/657399.jpg",
    "price": 4.5,
    "quantity": 0.35,
    "unitPrice": 12.9
  },
  {
    "name": "San Remo Gluten Free Fettucine",
    "url": "https://www.woolworths.com.au/shop/productdetails/657011",
    "img": "https://cdn0.woolworths.media/content/wowproductimages/medium/657011.jpg",
    "price": 4.5,
    "quantity": 0.35,
    "unitPrice": 12.9
  },
  {
    "name": "Dollar Sweets Sprinkles Magic 100s & 1000s",
    "url": "https://www.woolworths.com.au/shop/productdetails/307818",
    "img": "https://cdn0.woolworths.media/content/wowproductimages/medium/307818.jpg",
    "price": 4.5,
    "quantity": 0.35,
    "unitPrice": 12.9
  },
  {
    "name": "Mckenzie's Bi Carb Soda",
    "url": "https://www.woolworths.com.au/shop/productdetails/347118",
    "img": "https://cdn0.woolworths.media/content/wowproductimages/medium/347118.jpg",
    "price": 4.5,
    "quantity": 0.35,
    "unitPrice": 12.9
  },
  {
    "name": "Chunk Style Tuna in Brine",
    "url": "https://www.coles.com.au/product/john-west-chunk-style-tuna-in-brine-425g-103794",
    "img": "https://productimages.coles.com.au/productimages/1/103794.jpg",
    "price": 5.5,
    "quantity": 0.425,
    "unitPrice": 12.94
  },
  {
    "name": "Chunk Style Tuna in Springwater",
    "url": "https://www.coles.com.au/product/john-west-chunk-style-tuna-in-springwater-425g-5079802",
    "img": "https://productimages.coles.com.au/productimages/5/5079802.jpg",
    "price": 5.5,
    "quantity": 0.425,
    "unitPrice": 12.94
  },
  {
    "name": "Chunk Style Tuna in Olive Oil Blend",
    "url": "https://www.coles.com.au/product/john-west-chunk-style-tuna-in-olive-oil-blend-425g-5966062",
    "img": "https://productimages.coles.com.au/productimages/5/5966062.jpg",
    "price": 5.5,
    "quantity": 0.425,
    "unitPrice": 12.94
  },
  {
    "name": "John West Tuna In Springwater",
    "url": "https://www.woolworths.com.au/shop/productdetails/19736",
    "img": "https://cdn0.woolworths.media/content/wowproductimages/medium/019736.jpg",
    "price": 5.5,
    "quantity": 0.425,
    "unitPrice": 12.94
  },
  {
    "name": "John West Tuna In Olive Oil",
    "url": "https://www.woolworths.com.au/shop/productdetails/263411",
    "img": "https://cdn0.woolworths.media/content/wowproductimages/medium/263411.jpg",
    "price": 5.5,
    "quantity": 0.425,
    "unitPrice": 12.94
  },
  {
    "name": "Greenseas Tuna Chunks In Springwater In Spring Water",
    "url": "https://www.woolworths.com.au/shop/productdetails/29372",
    "img": "https://cdn0.woolworths.media/content/wowproductimages/medium/029372.jpg",
    "price": 5.5,
    "quantity": 0.425,
    "unitPrice": 12.94
  },
  {
    "name": "John West Tuna In Brine",
    "url": "https://www.woolworths.com.au/shop/productdetails/30023",
    "img": "https://cdn0.woolworths.media/content/wowproductimages/medium/030023.jpg",
    "price": 5.5,
    "quantity": 0.425,
    "unitPrice": 12.94
  },
  {
    "name": "Woolworths Corn Cobbettes",
    "url": "https://www.woolworths.com.au/shop/productdetails/307315",
    "img": "https://cdn0.woolworths.media/content/wowproductimages/medium/307315.jpg",
    "price": 5.5,
    "quantity": 0.425,
    "unitPrice": 12.94
  },
  {
    "name": "Organic Sweet Potatoes Prepacked",
    "url": "https://www.coles.com.au/product/coles-organic-sweet-potatoes-prepacked-500g-5045470",
    "img": "https://productimages.coles.com.au/productimages/5/5045470.jpg",
    "price": 6.5,
    "quantity": 0.5,
    "unitPrice": 13
  },
  {
    "name": "Brown Onion Shallots Loose",
    "url": "https://www.coles.com.au/product/coles-brown-onion-shallots-loose-approx.-35g-each-5134809",
    "img": "https://productimages.coles.com.au/productimages/5/5134809.jpg",
    "price": 0.46,
    "quantity": 0.035,
    "unitPrice": 13
  },
  {
    "name": "Organic Sweet Potatoes Prepacked",
    "url": "https://www.coles.com.au/product/coles-organic-sweet-potatoes-prepacked-500g-5045470",
    "img": "https://productimages.coles.com.au/productimages/5/5045470.jpg",
    "price": 6.5,
    "quantity": 0.5,
    "unitPrice": 13
  },
  {
    "name": "Brown Onion Shallots Loose",
    "url": "https://www.coles.com.au/product/coles-brown-onion-shallots-loose-approx.-35g-each-5134809",
    "img": "https://productimages.coles.com.au/productimages/5/5134809.jpg",
    "price": 0.46,
    "quantity": 0.035,
    "unitPrice": 13
  },
  {
    "name": "Oat Yogurt Vanilla",
    "url": "https://www.coles.com.au/product/chobani-oat-yogurt-vanilla-500g-5309210",
    "img": "https://productimages.coles.com.au/productimages/5/5309210.jpg",
    "price": 6.5,
    "quantity": 0.5,
    "unitPrice": 13
  },
  {
    "name": "Plant Based Thickened Cream 31%",
    "url": "https://www.coles.com.au/product/flora-plant-based-thickened-cream-31%-500ml-6413590",
    "img": "https://productimages.coles.com.au/productimages/6/6413590.jpg",
    "price": 6.5,
    "quantity": 0.5,
    "unitPrice": 13
  },
  {
    "name": "Traditional Hommus",
    "url": "https://www.coles.com.au/product/yumis-traditional-hommus-500g-6733423",
    "img": "https://productimages.coles.com.au/productimages/6/6733423.jpg",
    "price": 6.5,
    "quantity": 0.5,
    "unitPrice": 13
  },
  {
    "name": "Wholesome Banana Bread Wholemeal",
    "url": "https://www.coles.com.au/product/donna-hay-wholesome-banana-bread-wholemeal-540g-5061240",
    "img": "https://productimages.coles.com.au/productimages/5/5061240.jpg",
    "price": 7,
    "quantity": 0.54,
    "unitPrice": 13
  },
  {
    "name": "Pure Australian Honey Jar",
    "url": "https://www.coles.com.au/product/coles-pure-australian-honey-jar-500g-2912511",
    "img": "https://productimages.coles.com.au/productimages/2/2912511.jpg",
    "price": 6.5,
    "quantity": 0.5,
    "unitPrice": 13
  },
  {
    "name": "Goodness Bowl Fruity Pillows Choco Berry Flavour",
    "url": "https://www.coles.com.au/product/uncle-tobys-goodness-bowl-fruity-pillows-choco-berry-flavour-500g-4310790",
    "img": "https://productimages.coles.com.au/productimages/4/4310790.jpg",
    "price": 6.5,
    "quantity": 0.5,
    "unitPrice": 13
  },
  {
    "name": "Goodness Bowl Fruity Pillows Apple",
    "url": "https://www.coles.com.au/product/uncle-tobys-goodness-bowl-fruity-pillows-apple-500g-4310804",
    "img": "https://productimages.coles.com.au/productimages/4/4310804.jpg",
    "price": 6.5,
    "quantity": 0.5,
    "unitPrice": 13
  },
  {
    "name": "Fruity Bites Wildberry Flavour Cereal",
    "url": "https://www.coles.com.au/product/uncle-tobys-fruity-bites-wildberry-flavour-cereal-500g-5362610",
    "img": "https://productimages.coles.com.au/productimages/5/5362610.jpg",
    "price": 6.5,
    "quantity": 0.5,
    "unitPrice": 13
  },
  {
    "name": "Plus Antioxidant Breakfast Cereal",
    "url": "https://www.coles.com.au/product/uncle-tobys-plus-antioxidant-breakfast-cereal-675g-7019583",
    "img": "https://productimages.coles.com.au/productimages/7/7019583.jpg",
    "price": 8.8,
    "quantity": 0.675,
    "unitPrice": 13
  },
  {
    "name": "Special K Original Breakfast Cereal with Grain Based Protein",
    "url": "https://www.coles.com.au/product/kellogg's-special-k-original-breakfast-cereal-with-grain-based-protein-920g-5292344",
    "img": "https://productimages.coles.com.au/productimages/5/5292344.jpg",
    "price": 12,
    "quantity": 0.92,
    "unitPrice": 13
  },
  {
    "name": "Urban Coffee Culture Strong Ground Coffee",
    "url": "https://www.coles.com.au/product/coles-urban-coffee-culture-strong-ground-coffee-1kg-3499705",
    "img": "https://productimages.coles.com.au/productimages/3/3499705.jpg",
    "price": 13,
    "quantity": 1,
    "unitPrice": 13
  },
  {
    "name": "Urban Coffee Culture Medium Roast Beans",
    "url": "https://www.coles.com.au/product/coles-urban-coffee-culture-medium-roast-beans-1kg-3616321",
    "img": "https://productimages.coles.com.au/productimages/3/3616321.jpg",
    "price": 13,
    "quantity": 1,
    "unitPrice": 13
  },
  {
    "name": "Urban Coffee Culture Strong Beans",
    "url": "https://www.coles.com.au/product/coles-urban-coffee-culture-strong-beans-1kg-7656656",
    "img": "https://productimages.coles.com.au/productimages/7/7656656.jpg",
    "price": 13,
    "quantity": 1,
    "unitPrice": 13
  },
  {
    "name": "Urban Coffee Culture Strong Ground Coffee",
    "url": "https://www.coles.com.au/product/coles-urban-coffee-culture-strong-ground-coffee-1kg-3499705",
    "img": "https://productimages.coles.com.au/productimages/3/3499705.jpg",
    "price": 13,
    "quantity": 1,
    "unitPrice": 13
  },
  {
    "name": "Urban Coffee Culture Medium Roast Beans",
    "url": "https://www.coles.com.au/product/coles-urban-coffee-culture-medium-roast-beans-1kg-3616321",
    "img": "https://productimages.coles.com.au/productimages/3/3616321.jpg",
    "price": 13,
    "quantity": 1,
    "unitPrice": 13
  },
  {
    "name": "Urban Coffee Culture Strong Beans",
    "url": "https://www.coles.com.au/product/coles-urban-coffee-culture-strong-beans-1kg-7656656",
    "img": "https://productimages.coles.com.au/productimages/7/7656656.jpg",
    "price": 13,
    "quantity": 1,
    "unitPrice": 13
  },
  {
    "name": "Coriander Powder",
    "url": "https://www.coles.com.au/product/pattu-coriander-powder-200g-3339185",
    "img": "https://productimages.coles.com.au/productimages/3/3339185.jpg",
    "price": 2.5,
    "quantity": 0.2,
    "unitPrice": 13
  },
  {
    "name": "Coriander Seeds",
    "url": "https://www.coles.com.au/product/pattu-coriander-seeds-200g-3339196",
    "img": "https://productimages.coles.com.au/productimages/3/3339196.jpg",
    "price": 2.5,
    "quantity": 0.2,
    "unitPrice": 13
  },
  {
    "name": "Fennel Seeds",
    "url": "https://www.coles.com.au/product/pattu-fennel-seeds-200g-3339254",
    "img": "https://productimages.coles.com.au/productimages/3/3339254.jpg",
    "price": 2.5,
    "quantity": 0.2,
    "unitPrice": 13
  },
  {
    "name": "Chicken & Beef Pho Broth",
    "url": "https://www.coles.com.au/product/roll'd-chicken-&-beef-pho-broth-500ml-5020209",
    "img": "https://productimages.coles.com.au/productimages/5/5020209.jpg",
    "price": 6.5,
    "quantity": 0.5,
    "unitPrice": 13
  },
  {
    "name": "Slow Cook Korma",
    "url": "https://www.coles.com.au/product/passage-to-india-slow-cook-korma-500g-6541615",
    "img": "https://productimages.coles.com.au/productimages/6/6541615.jpg",
    "price": 6.5,
    "quantity": 0.5,
    "unitPrice": 13
  },
  {
    "name": "Pure Australian Honey Jar",
    "url": "https://www.coles.com.au/product/coles-pure-australian-honey-jar-500g-2912511",
    "img": "https://productimages.coles.com.au/productimages/2/2912511.jpg",
    "price": 6.5,
    "quantity": 0.5,
    "unitPrice": 13
  },
  {
    "name": "Conchiglioni Gigante Pasta",
    "url": "https://www.coles.com.au/product/delverde-conchiglioni-gigante-pasta-500g-5001180",
    "img": "https://productimages.coles.com.au/productimages/5/5001180.jpg",
    "price": 6.5,
    "quantity": 0.5,
    "unitPrice": 13
  },
  {
    "name": "Lasagne Sheets Bowl",
    "url": "https://www.coles.com.au/product/delverde-lasagne-sheets-bowl-500g-5001259",
    "img": "https://productimages.coles.com.au/productimages/5/5001259.jpg",
    "price": 6.5,
    "quantity": 0.5,
    "unitPrice": 13
  },
  {
    "name": "Paccheri Giganti Pasta",
    "url": "https://www.coles.com.au/product/delverde-paccheri-giganti-pasta-500g-5001383",
    "img": "https://productimages.coles.com.au/productimages/5/5001383.jpg",
    "price": 6.5,
    "quantity": 0.5,
    "unitPrice": 13
  },
  {
    "name": "Pasta Maniche",
    "url": "https://www.coles.com.au/product/delverde-pasta-maniche-500g-5001408",
    "img": "https://productimages.coles.com.au/productimages/5/5001408.jpg",
    "price": 6.5,
    "quantity": 0.5,
    "unitPrice": 13
  },
  {
    "name": "Calamari Giganti Pasta",
    "url": "https://www.coles.com.au/product/delverde-calamari-giganti-pasta-500g-5001420",
    "img": "https://productimages.coles.com.au/productimages/5/5001420.jpg",
    "price": 6.5,
    "quantity": 0.5,
    "unitPrice": 13
  },
  {
    "name": "Conchiglioni Gigante Pasta",
    "url": "https://www.coles.com.au/product/delverde-conchiglioni-gigante-pasta-500g-5001180",
    "img": "https://productimages.coles.com.au/productimages/5/5001180.jpg",
    "price": 6.5,
    "quantity": 0.5,
    "unitPrice": 13
  },
  {
    "name": "Lasagne Sheets Bowl",
    "url": "https://www.coles.com.au/product/delverde-lasagne-sheets-bowl-500g-5001259",
    "img": "https://productimages.coles.com.au/productimages/5/5001259.jpg",
    "price": 6.5,
    "quantity": 0.5,
    "unitPrice": 13
  },
  {
    "name": "Paccheri Giganti Pasta",
    "url": "https://www.coles.com.au/product/delverde-paccheri-giganti-pasta-500g-5001383",
    "img": "https://productimages.coles.com.au/productimages/5/5001383.jpg",
    "price": 6.5,
    "quantity": 0.5,
    "unitPrice": 13
  },
  {
    "name": "Pasta Maniche",
    "url": "https://www.coles.com.au/product/delverde-pasta-maniche-500g-5001408",
    "img": "https://productimages.coles.com.au/productimages/5/5001408.jpg",
    "price": 6.5,
    "quantity": 0.5,
    "unitPrice": 13
  },
  {
    "name": "Calamari Giganti Pasta",
    "url": "https://www.coles.com.au/product/delverde-calamari-giganti-pasta-500g-5001420",
    "img": "https://productimages.coles.com.au/productimages/5/5001420.jpg",
    "price": 6.5,
    "quantity": 0.5,
    "unitPrice": 13
  },
  {
    "name": "Seriously Good Original Squeezy Mayo",
    "url": "https://www.coles.com.au/product/heinz-seriously-good-original-squeezy-mayo-500ml-2454745",
    "img": "https://productimages.coles.com.au/productimages/2/2454745.jpg",
    "price": 6.5,
    "quantity": 0.5,
    "unitPrice": 13
  },
  {
    "name": "Seriously Good Garlic Aioli Mayonnaise",
    "url": "https://www.coles.com.au/product/heinz-seriously-good-garlic-aioli-mayonnaise-500ml-2454756",
    "img": "https://productimages.coles.com.au/productimages/2/2454756.jpg",
    "price": 6.5,
    "quantity": 0.5,
    "unitPrice": 13
  },
  {
    "name": "Peri Peri Mayonnaise Mayo",
    "url": "https://www.coles.com.au/product/heinz-peri-peri-mayonnaise-mayo-500ml-3850770",
    "img": "https://productimages.coles.com.au/productimages/3/3850770.jpg",
    "price": 6.5,
    "quantity": 0.5,
    "unitPrice": 13
  },
  {
    "name": "Seriously Good Garlic Lovers Aioli Mayonnaise ",
    "url": "https://www.coles.com.au/product/heinz-seriously-good-garlic-lovers-aioli-mayonnaise--500ml-5494350",
    "img": "https://productimages.coles.com.au/productimages/5/5494350.jpg",
    "price": 6.5,
    "quantity": 0.5,
    "unitPrice": 13
  },
  {
    "name": "Slow Cook Korma",
    "url": "https://www.coles.com.au/product/passage-to-india-slow-cook-korma-500g-6541615",
    "img": "https://productimages.coles.com.au/productimages/6/6541615.jpg",
    "price": 6.5,
    "quantity": 0.5,
    "unitPrice": 13
  },
  {
    "name": "Slow Cook Korma",
    "url": "https://www.coles.com.au/product/passage-to-india-slow-cook-korma-500g-6541615",
    "img": "https://productimages.coles.com.au/productimages/6/6541615.jpg",
    "price": 6.5,
    "quantity": 0.5,
    "unitPrice": 13
  },
  {
    "name": "5 Star Extra Lean Pork Mince",
    "url": "https://www.coles.com.au/product/coles-5-star-extra-lean-pork-mince-500g-8781132",
    "img": "https://productimages.coles.com.au/productimages/8/8781132.jpg",
    "price": 6.5,
    "quantity": 0.5,
    "unitPrice": 13
  },
  {
    "name": "No Added Hormone Beef 3 Star Regular Mince",
    "url": "https://www.coles.com.au/product/coles-no-added-hormone-beef-3-star-regular-mince-500g-9012814",
    "img": "https://productimages.coles.com.au/productimages/9/9012814.jpg",
    "price": 6.5,
    "quantity": 0.5,
    "unitPrice": 13
  },
  {
    "name": "Turkey Mince",
    "url": "https://www.coles.com.au/product/steggles-turkey-mince-500g-9277808",
    "img": "https://productimages.coles.com.au/productimages/9/9277808.jpg",
    "price": 6.5,
    "quantity": 0.5,
    "unitPrice": 13
  },
  {
    "name": "Beef Ribs",
    "url": "https://www.coles.com.au/product/drovers-beef-ribs-approx.-1.7kg-2891502",
    "img": "https://productimages.coles.com.au/productimages/2/2891502.jpg",
    "price": 22.1,
    "quantity": 1.7,
    "unitPrice": 13
  },
  {
    "name": "RSPCA Approved Chicken Mixed Portions Southern Fried",
    "url": "https://www.coles.com.au/product/coles-rspca-approved-chicken-mixed-portions-southern-fried-approx.-1.3kg-3175576",
    "img": "https://productimages.coles.com.au/productimages/3/3175576.jpg",
    "price": 16.9,
    "quantity": 1.3,
    "unitPrice": 13
  },
  {
    "name": "RSPCA Approved Free Range Chicken Breast Large Pack",
    "url": "https://www.coles.com.au/product/coles-rspca-approved-free-range-chicken-breast-large-pack-approx.-1.25kg-3227410",
    "img": "https://productimages.coles.com.au/productimages/3/3227410.jpg",
    "price": 16.25,
    "quantity": 1.25,
    "unitPrice": 13
  },
  {
    "name": "RSPCA Approved Free Range Chicken Breast Large Pack",
    "url": "https://www.coles.com.au/product/coles-rspca-approved-free-range-chicken-breast-large-pack-approx.-1.25kg-3227410",
    "img": "https://productimages.coles.com.au/productimages/3/3227410.jpg",
    "price": 16.25,
    "quantity": 1.25,
    "unitPrice": 13
  },
  {
    "name": "Fresh Blueberries Punnet",
    "url": "https://www.woolworths.com.au/shop/productdetails/186155",
    "img": "https://cdn0.woolworths.media/content/wowproductimages/medium/186155.jpg",
    "price": 3.9,
    "quantity": 0.3,
    "unitPrice": 13
  },
  {
    "name": "Woolworths Sliced Carrot Sultana & Walnut Loaf",
    "url": "https://www.woolworths.com.au/shop/productdetails/653793",
    "img": "https://cdn0.woolworths.media/content/wowproductimages/medium/653793.jpg",
    "price": 6.5,
    "quantity": 0.5,
    "unitPrice": 13
  },
  {
    "name": "Woolworths Mushroom Sliced",
    "url": "https://www.woolworths.com.au/shop/productdetails/89466",
    "img": "https://cdn0.woolworths.media/content/wowproductimages/medium/089466.jpg",
    "price": 6.5,
    "quantity": 0.5,
    "unitPrice": 13
  },
  {
    "name": "Dairy Farmers Thick & Creamy Strawberry Yoghurt",
    "url": "https://www.woolworths.com.au/shop/productdetails/768057",
    "img": "https://cdn0.woolworths.media/content/wowproductimages/medium/768057.jpg",
    "price": 1.95,
    "quantity": 0.15,
    "unitPrice": 13
  },
  {
    "name": "Dairy Farmers Thick & Creamy Classic Vanilla Yoghurt",
    "url": "https://www.woolworths.com.au/shop/productdetails/777320",
    "img": "https://cdn0.woolworths.media/content/wowproductimages/medium/777320.jpg",
    "price": 1.95,
    "quantity": 0.15,
    "unitPrice": 13
  },
  {
    "name": "Dairy Farmers Thick & Creamy Mango & Passionfruit Yoghurt",
    "url": "https://www.woolworths.com.au/shop/productdetails/768054",
    "img": "https://cdn0.woolworths.media/content/wowproductimages/medium/768054.jpg",
    "price": 1.95,
    "quantity": 0.15,
    "unitPrice": 13
  },
  {
    "name": "Dairy Farmers Thick & Creamy Lemon Cream Yoghurt",
    "url": "https://www.woolworths.com.au/shop/productdetails/768053",
    "img": "https://cdn0.woolworths.media/content/wowproductimages/medium/768053.jpg",
    "price": 1.95,
    "quantity": 0.15,
    "unitPrice": 13
  },
  {
    "name": "Dairy Farmers Thick & Creamy Yellow Box Honey Yoghurt",
    "url": "https://www.woolworths.com.au/shop/productdetails/768112",
    "img": "https://cdn0.woolworths.media/content/wowproductimages/medium/768112.jpg",
    "price": 1.95,
    "quantity": 0.15,
    "unitPrice": 13
  },
  {
    "name": "Dairy Farmers Thick & Creamy Caramelised Fig Yoghurt",
    "url": "https://www.woolworths.com.au/shop/productdetails/768121",
    "img": "https://cdn0.woolworths.media/content/wowproductimages/medium/768121.jpg",
    "price": 1.95,
    "quantity": 0.15,
    "unitPrice": 13
  },
  {
    "name": "Dacsa Arroz de Valencia Valencian Rice for paella 2x1kg",
    "url": "https://www.woolworths.com.au/shop/productdetails/1074441610",
    "img": "https://cdn0.woolworths.media/content/wowproductimages/medium/1074441610.jpg",
    "price": 13,
    "quantity": 1,
    "unitPrice": 13
  },
  {
    "name": "Ingham's Turkey Mince",
    "url": "https://www.woolworths.com.au/shop/productdetails/310742",
    "img": "https://cdn0.woolworths.media/content/wowproductimages/medium/310742.jpg",
    "price": 6.5,
    "quantity": 0.5,
    "unitPrice": 13
  },
  {
    "name": "Woolworths Beef Mince",
    "url": "https://www.woolworths.com.au/shop/productdetails/577863",
    "img": "https://cdn0.woolworths.media/content/wowproductimages/medium/577863.jpg",
    "price": 6.5,
    "quantity": 0.5,
    "unitPrice": 13
  },
  {
    "name": "Woolworths Heart Smart Extra Lean Pork Mince",
    "url": "https://www.woolworths.com.au/shop/productdetails/666557",
    "img": "https://cdn0.woolworths.media/content/wowproductimages/medium/666557.jpg",
    "price": 6.5,
    "quantity": 0.5,
    "unitPrice": 13
  },
  {
    "name": "Woolworths Cook Pork Knuckle",
    "url": "https://www.woolworths.com.au/shop/productdetails/78575",
    "img": "https://cdn0.woolworths.media/content/wowproductimages/medium/078575.jpg",
    "price": 13,
    "quantity": 1,
    "unitPrice": 13
  },
  {
    "name": "Bertocchi Pork Bones Smoked",
    "url": "https://www.woolworths.com.au/shop/productdetails/262374",
    "img": "https://cdn0.woolworths.media/content/wowproductimages/medium/262374.jpg",
    "price": 6.5,
    "quantity": 0.5,
    "unitPrice": 13
  },
  {
    "name": "The Food Company Garlic Chopped",
    "url": "https://www.woolworths.com.au/shop/productdetails/226497",
    "img": "https://cdn0.woolworths.media/content/wowproductimages/medium/226497.jpg",
    "price": 4.99,
    "quantity": 0.375,
    "unitPrice": 13
  },
  {
    "name": "Kellogg's Coco Pops Chex Breakfast Cereal",
    "url": "https://www.woolworths.com.au/shop/productdetails/701726",
    "img": "https://cdn0.woolworths.media/content/wowproductimages/medium/701726.jpg",
    "price": 6.5,
    "quantity": 0.5,
    "unitPrice": 13
  },
  {
    "name": "Kellogg's Special K Original Breakfast Cereal",
    "url": "https://www.woolworths.com.au/shop/productdetails/198647",
    "img": "https://cdn0.woolworths.media/content/wowproductimages/medium/198647.jpg",
    "price": 6.5,
    "quantity": 0.5,
    "unitPrice": 13
  },
  {
    "name": "Uncle Tobys Plus Antioxidant",
    "url": "https://www.woolworths.com.au/shop/productdetails/387462",
    "img": "https://cdn0.woolworths.media/content/wowproductimages/medium/387462.jpg",
    "price": 8.8,
    "quantity": 0.675,
    "unitPrice": 13
  },
  {
    "name": "Nutino Hazelnut Spread Spread",
    "url": "https://www.woolworths.com.au/shop/productdetails/249628",
    "img": "https://cdn0.woolworths.media/content/wowproductimages/medium/249628.jpg",
    "price": 5.2,
    "quantity": 0.4,
    "unitPrice": 13
  },
  {
    "name": "Podravka Vegeta Vegetable Gourmet Stock Powder",
    "url": "https://www.woolworths.com.au/shop/productdetails/92922",
    "img": "https://cdn0.woolworths.media/content/wowproductimages/medium/092922.jpg",
    "price": 6.5,
    "quantity": 0.5,
    "unitPrice": 13
  },
  {
    "name": "Masterfoods Sweet & Sour Sauce",
    "url": "https://www.woolworths.com.au/shop/productdetails/35990",
    "img": "https://cdn0.woolworths.media/content/wowproductimages/medium/035990.jpg",
    "price": 3.5,
    "quantity": 0.27,
    "unitPrice": 13
  },
  {
    "name": "Betty Crocker Vanilla Cake Mix Cake Mix",
    "url": "https://www.woolworths.com.au/shop/productdetails/760464",
    "img": "https://cdn0.woolworths.media/content/wowproductimages/medium/760464.jpg",
    "price": 7,
    "quantity": 0.54,
    "unitPrice": 13
  },
  {
    "name": "Donna Hay Wholesome Banana Bread Cake Mix",
    "url": "https://www.woolworths.com.au/shop/productdetails/210718",
    "img": "https://cdn0.woolworths.media/content/wowproductimages/medium/210718.jpg",
    "price": 7,
    "quantity": 0.54,
    "unitPrice": 13
  },
  {
    "name": "Betty Crocker Devil's Food Cake Mix Cake Mix",
    "url": "https://www.woolworths.com.au/shop/productdetails/760459",
    "img": "https://cdn0.woolworths.media/content/wowproductimages/medium/760459.jpg",
    "price": 7,
    "quantity": 0.54,
    "unitPrice": 13
  },
  {
    "name": "Betty Crocker Strawberries & Cream Cake Mix Cake Mix",
    "url": "https://www.woolworths.com.au/shop/productdetails/760486",
    "img": "https://cdn0.woolworths.media/content/wowproductimages/medium/760486.jpg",
    "price": 7,
    "quantity": 0.54,
    "unitPrice": 13
  },
  {
    "name": "Betty Crocker Chocolate Fudge Cake Mix Cake Mix",
    "url": "https://www.woolworths.com.au/shop/productdetails/760440",
    "img": "https://cdn0.woolworths.media/content/wowproductimages/medium/760440.jpg",
    "price": 7,
    "quantity": 0.54,
    "unitPrice": 13
  },
  {
    "name": "Pasta Master Beef Lasagne Null",
    "url": "https://www.woolworths.com.au/shop/productdetails/706843",
    "img": "https://cdn0.woolworths.media/content/wowproductimages/medium/706843.jpg",
    "price": 17,
    "quantity": 1.3,
    "unitPrice": 13.08
  },
  {
    "name": "Stone Baked Sourdough Garlic Bread",
    "url": "https://www.coles.com.au/product/la-famiglia-stone-baked-sourdough-garlic-bread-480g-9017115",
    "img": "https://productimages.coles.com.au/productimages/9/9017115.jpg",
    "price": 6.3,
    "quantity": 0.48,
    "unitPrice": 13.1
  },
  {
    "name": "Sultana Bran High Fibre Breakfast Cereal",
    "url": "https://www.coles.com.au/product/kellogg's-sultana-bran-high-fibre-breakfast-cereal-420g-8491212",
    "img": "https://productimages.coles.com.au/productimages/8/8491212.jpg",
    "price": 5.5,
    "quantity": 0.42,
    "unitPrice": 13.1
  },
  {
    "name": "Mexican Sauce",
    "url": "https://www.coles.com.au/product/coles-mexican-sauce-240g-7400700",
    "img": "https://productimages.coles.com.au/productimages/7/7400700.jpg",
    "price": 3.15,
    "quantity": 0.24,
    "unitPrice": 13.1
  },
  {
    "name": "Black Pepper Sauce",
    "url": "https://www.coles.com.au/product/lee-kum-kee-black-pepper-sauce-350g-3631711",
    "img": "https://productimages.coles.com.au/productimages/3/3631711.jpg",
    "price": 4.6,
    "quantity": 0.35,
    "unitPrice": 13.1
  },
  {
    "name": "Smooth Peanut Butter",
    "url": "https://www.coles.com.au/product/mayver's-smooth-peanut-butter-750g-5459530",
    "img": "https://productimages.coles.com.au/productimages/5/5459530.jpg",
    "price": 9.8,
    "quantity": 0.75,
    "unitPrice": 13.1
  },
  {
    "name": "Crunchy Peanut Butter",
    "url": "https://www.coles.com.au/product/mayver's-crunchy-peanut-butter-750g-5459552",
    "img": "https://productimages.coles.com.au/productimages/5/5459552.jpg",
    "price": 9.8,
    "quantity": 0.75,
    "unitPrice": 13.1
  },
  {
    "name": "Dark Roast Crunchy Peanut Butter",
    "url": "https://www.coles.com.au/product/mayver's-dark-roast-crunchy-peanut-butter-750g-5459574",
    "img": "https://productimages.coles.com.au/productimages/5/5459574.jpg",
    "price": 9.8,
    "quantity": 0.75,
    "unitPrice": 13.1
  },
  {
    "name": "Simply Nuts Smooth Peanut Butter",
    "url": "https://www.coles.com.au/product/bega-simply-nuts-smooth-peanut-butter-650g-3791092",
    "img": "https://productimages.coles.com.au/productimages/3/3791092.jpg",
    "price": 8.5,
    "quantity": 0.65,
    "unitPrice": 13.1
  },
  {
    "name": "Simply Nuts Crunchy Peanut Butter",
    "url": "https://www.coles.com.au/product/bega-simply-nuts-crunchy-peanut-butter-650g-3791106",
    "img": "https://productimages.coles.com.au/productimages/3/3791106.jpg",
    "price": 8.5,
    "quantity": 0.65,
    "unitPrice": 13.1
  },
  {
    "name": "Simply Nuts The Crunchiest Peanut Butter",
    "url": "https://www.coles.com.au/product/bega-simply-nuts-the-crunchiest-peanut-butter-650g-4464003",
    "img": "https://productimages.coles.com.au/productimages/4/4464003.jpg",
    "price": 8.5,
    "quantity": 0.65,
    "unitPrice": 13.1
  },
  {
    "name": "Oyster Sauce",
    "url": "https://www.coles.com.au/product/maggi-oyster-sauce-275ml-5196996",
    "img": "https://productimages.coles.com.au/productimages/5/5196996.jpg",
    "price": 3.6,
    "quantity": 0.275,
    "unitPrice": 13.1
  },
  {
    "name": "Oyster Sauce",
    "url": "https://www.coles.com.au/product/maggi-oyster-sauce-275ml-5196996",
    "img": "https://productimages.coles.com.au/productimages/5/5196996.jpg",
    "price": 3.6,
    "quantity": 0.275,
    "unitPrice": 13.1
  },
  {
    "name": "Kellogg's Corn Flakes Breakfast Cereal",
    "url": "https://www.woolworths.com.au/shop/productdetails/532770",
    "img": "https://cdn0.woolworths.media/content/wowproductimages/medium/532770.jpg",
    "price": 5.9,
    "quantity": 0.45,
    "unitPrice": 13.1
  },
  {
    "name": "Mayver's Crunchy Peanut Butter",
    "url": "https://www.woolworths.com.au/shop/productdetails/126650",
    "img": "https://cdn0.woolworths.media/content/wowproductimages/medium/126650.jpg",
    "price": 9.8,
    "quantity": 0.75,
    "unitPrice": 13.1
  },
  {
    "name": "Mayver's Smooth Peanut Butter",
    "url": "https://www.woolworths.com.au/shop/productdetails/127012",
    "img": "https://cdn0.woolworths.media/content/wowproductimages/medium/127012.jpg",
    "price": 9.8,
    "quantity": 0.75,
    "unitPrice": 13.1
  },
  {
    "name": "Mayver's Dark Roasted Peanut Butter Crunchy",
    "url": "https://www.woolworths.com.au/shop/productdetails/160116",
    "img": "https://cdn0.woolworths.media/content/wowproductimages/medium/160116.jpg",
    "price": 9.8,
    "quantity": 0.75,
    "unitPrice": 13.1
  },
  {
    "name": "Bega Simply Nuts Smooth Natural Peanut Butter",
    "url": "https://www.woolworths.com.au/shop/productdetails/97580",
    "img": "https://cdn0.woolworths.media/content/wowproductimages/medium/097580.jpg",
    "price": 8.5,
    "quantity": 0.65,
    "unitPrice": 13.1
  },
  {
    "name": "Bega Simply Nuts Crunchy Peanut Butter",
    "url": "https://www.woolworths.com.au/shop/productdetails/97579",
    "img": "https://cdn0.woolworths.media/content/wowproductimages/medium/097579.jpg",
    "price": 8.5,
    "quantity": 0.65,
    "unitPrice": 13.1
  },
  {
    "name": "Bega Simply Nuts The Crunchiest",
    "url": "https://www.woolworths.com.au/shop/productdetails/164442",
    "img": "https://cdn0.woolworths.media/content/wowproductimages/medium/164442.jpg",
    "price": 8.5,
    "quantity": 0.65,
    "unitPrice": 13.1
  },
  {
    "name": "Maggi Oyster Sauce",
    "url": "https://www.woolworths.com.au/shop/productdetails/280340",
    "img": "https://cdn0.woolworths.media/content/wowproductimages/medium/280340.jpg",
    "price": 3.6,
    "quantity": 0.275,
    "unitPrice": 13.1
  },
  {
    "name": "Cucumber Baby Chilli",
    "url": "https://www.coles.com.au/product/always-fresh-cucumber-baby-chilli-350g-3055188",
    "img": "https://productimages.coles.com.au/productimages/3/3055188.jpg",
    "price": 4.6,
    "quantity": 0.35,
    "unitPrice": 13.14
  },
  {
    "name": "Cucumbers Baby",
    "url": "https://www.coles.com.au/product/always-fresh-cucumbers-baby-350g-8514952",
    "img": "https://productimages.coles.com.au/productimages/8/8514952.jpg",
    "price": 4.6,
    "quantity": 0.35,
    "unitPrice": 13.14
  },
  {
    "name": "Regular Cream Cheese Block",
    "url": "https://www.coles.com.au/product/coles-regular-cream-cheese-block-250g-2486672",
    "img": "https://productimages.coles.com.au/productimages/2/2486672.jpg",
    "price": 3.3,
    "quantity": 0.25,
    "unitPrice": 13.2
  },
  {
    "name": "Quiche Spinach Parmesan",
    "url": "https://www.coles.com.au/product/hedys-quiche-spinach-parmesan-1.1kg-2904648",
    "img": "https://productimages.coles.com.au/productimages/2/2904648.jpg",
    "price": 14.5,
    "quantity": 1.1,
    "unitPrice": 13.2
  },
  {
    "name": "Quiche Leek Bacon",
    "url": "https://www.coles.com.au/product/hedys-quiche-leek-bacon-1.1kg-5429187",
    "img": "https://productimages.coles.com.au/productimages/5/5429187.jpg",
    "price": 14.5,
    "quantity": 1.1,
    "unitPrice": 13.2
  },
  {
    "name": "Roast Pumpkin & Fetta",
    "url": "https://www.coles.com.au/product/hedys-quiche-roast-pumpkin-&-fetta-1.1kg-5634787",
    "img": "https://productimages.coles.com.au/productimages/5/5634787.jpg",
    "price": 14.5,
    "quantity": 1.1,
    "unitPrice": 13.2
  },
  {
    "name": "Quiche Lorraine",
    "url": "https://www.coles.com.au/product/hedys-quiche-lorraine-1.1kg-7388070",
    "img": "https://productimages.coles.com.au/productimages/7/7388070.jpg",
    "price": 14.5,
    "quantity": 1.1,
    "unitPrice": 13.2
  },
  {
    "name": "Corn Flakes Breakfast Cereal",
    "url": "https://www.coles.com.au/product/kellogg's-corn-flakes-breakfast-cereal-380g-8494505",
    "img": "https://productimages.coles.com.au/productimages/8/8494505.jpg",
    "price": 5,
    "quantity": 0.38,
    "unitPrice": 13.2
  },
  {
    "name": "2 Minute Instant Noodles Spicy Chicken Flavour 5 Pack",
    "url": "https://www.coles.com.au/product/maggi-2-minute-instant-noodles-spicy-chicken-flavour-5-pack-380g-3993042",
    "img": "https://productimages.coles.com.au/productimages/3/3993042.jpg",
    "price": 5,
    "quantity": 0.38,
    "unitPrice": 13.2
  },
  {
    "name": "Nacho Kit",
    "url": "https://www.coles.com.au/product/old-el-paso-nacho-kit-505g-6341650",
    "img": "https://productimages.coles.com.au/productimages/6/6341650.jpg",
    "price": 6.65,
    "quantity": 0.505,
    "unitPrice": 13.2
  },
  {
    "name": "Thick Chunky Salsa Mild",
    "url": "https://www.coles.com.au/product/old-el-paso-thick-chunky-salsa-mild-375g-5085452",
    "img": "https://productimages.coles.com.au/productimages/5/5085452.jpg",
    "price": 4.95,
    "quantity": 0.375,
    "unitPrice": 13.2
  },
  {
    "name": "Teriyaki Marinade",
    "url": "https://www.coles.com.au/product/obento-teriyaki-marinade-250ml-3732923",
    "img": "https://productimages.coles.com.au/productimages/3/3732923.jpg",
    "price": 3.3,
    "quantity": 0.25,
    "unitPrice": 13.2
  },
  {
    "name": "Tonkatsu Sauce",
    "url": "https://www.coles.com.au/product/obento-tonkatsu-sauce-250ml-3737144",
    "img": "https://productimages.coles.com.au/productimages/3/3737144.jpg",
    "price": 3.3,
    "quantity": 0.25,
    "unitPrice": 13.2
  },
  {
    "name": "Hot Chilli Garlic Chutney",
    "url": "https://www.coles.com.au/product/sabrini-hot-chilli-garlic-chutney-340g-4357273",
    "img": "https://productimages.coles.com.au/productimages/4/4357273.jpg",
    "price": 4.5,
    "quantity": 0.34,
    "unitPrice": 13.2
  },
  {
    "name": "Worcestershire Sauce",
    "url": "https://www.coles.com.au/product/holbrooks-worcestershire-sauce-250ml-128150",
    "img": "https://productimages.coles.com.au/productimages/1/128150.jpg",
    "price": 3.3,
    "quantity": 0.25,
    "unitPrice": 13.2
  },
  {
    "name": "Soy Sauce",
    "url": "https://www.coles.com.au/product/kikkoman-soy-sauce-600ml-8280895",
    "img": "https://productimages.coles.com.au/productimages/8/8280895.jpg",
    "price": 7.9,
    "quantity": 0.6,
    "unitPrice": 13.2
  },
  {
    "name": "Soy Sauce",
    "url": "https://www.coles.com.au/product/kikkoman-soy-sauce-600ml-8280895",
    "img": "https://productimages.coles.com.au/productimages/8/8280895.jpg",
    "price": 7.9,
    "quantity": 0.6,
    "unitPrice": 13.2
  },
  {
    "name": "Sonoma Whole Wheat Miche",
    "url": "https://www.woolworths.com.au/shop/productdetails/322760",
    "img": "https://cdn0.woolworths.media/content/wowproductimages/medium/322760.jpg",
    "price": 8,
    "quantity": 0.605,
    "unitPrice": 13.2
  },
  {
    "name": "Hedy's Fresh Quiche Spinach & Feta Chilled Meal",
    "url": "https://www.woolworths.com.au/shop/productdetails/669044",
    "img": "https://cdn0.woolworths.media/content/wowproductimages/medium/669044.jpg",
    "price": 14.5,
    "quantity": 1.1,
    "unitPrice": 13.2
  },
  {
    "name": "Hedy's Fresh Quiche Lorraine Chilled Meal",
    "url": "https://www.woolworths.com.au/shop/productdetails/162880",
    "img": "https://cdn0.woolworths.media/content/wowproductimages/medium/162880.jpg",
    "price": 14.5,
    "quantity": 1.1,
    "unitPrice": 13.2
  },
  {
    "name": "Guzzi's Tricolore Tagliatelle",
    "url": "https://www.woolworths.com.au/shop/productdetails/92228",
    "img": "https://cdn0.woolworths.media/content/wowproductimages/medium/092228.jpg",
    "price": 4.95,
    "quantity": 0.375,
    "unitPrice": 13.2
  },
  {
    "name": "Guzzi's Pappardelle",
    "url": "https://www.woolworths.com.au/shop/productdetails/798252",
    "img": "https://cdn0.woolworths.media/content/wowproductimages/medium/798252.jpg",
    "price": 4.95,
    "quantity": 0.375,
    "unitPrice": 13.2
  },
  {
    "name": "Guzzi's Fettuccine",
    "url": "https://www.woolworths.com.au/shop/productdetails/798251",
    "img": "https://cdn0.woolworths.media/content/wowproductimages/medium/798251.jpg",
    "price": 4.95,
    "quantity": 0.375,
    "unitPrice": 13.2
  },
  {
    "name": "Guzzi's Linguine",
    "url": "https://www.woolworths.com.au/shop/productdetails/798249",
    "img": "https://cdn0.woolworths.media/content/wowproductimages/medium/798249.jpg",
    "price": 4.95,
    "quantity": 0.375,
    "unitPrice": 13.2
  },
  {
    "name": "Macro Organic Quinoa Tri Colour",
    "url": "https://www.woolworths.com.au/shop/productdetails/717631",
    "img": "https://cdn0.woolworths.media/content/wowproductimages/medium/717631.jpg",
    "price": 6.59,
    "quantity": 0.5,
    "unitPrice": 13.2
  },
  {
    "name": "Macro Organic Quinoa",
    "url": "https://www.woolworths.com.au/shop/productdetails/335073",
    "img": "https://cdn0.woolworths.media/content/wowproductimages/medium/335073.jpg",
    "price": 6.59,
    "quantity": 0.5,
    "unitPrice": 13.2
  },
  {
    "name": "Fix And Fogg Fix & Fogg Peanut Butter Super Crunchy",
    "url": "https://www.woolworths.com.au/shop/productdetails/102301",
    "img": "https://cdn0.woolworths.media/content/wowproductimages/medium/102301.jpg",
    "price": 9.9,
    "quantity": 0.75,
    "unitPrice": 13.2
  },
  {
    "name": "Fix And Fogg Smooth Peanut Butter",
    "url": "https://www.woolworths.com.au/shop/productdetails/103333",
    "img": "https://cdn0.woolworths.media/content/wowproductimages/medium/103333.jpg",
    "price": 9.9,
    "quantity": 0.75,
    "unitPrice": 13.2
  },
  {
    "name": "Kikkoman Soy Sauce Soy",
    "url": "https://www.woolworths.com.au/shop/productdetails/103725",
    "img": "https://cdn0.woolworths.media/content/wowproductimages/medium/103725.jpg",
    "price": 7.9,
    "quantity": 0.6,
    "unitPrice": 13.2
  },
  {
    "name": "Donna Hay Fudgy Chocolate Cake Gluten Free Mix",
    "url": "https://www.woolworths.com.au/shop/productdetails/85139",
    "img": "https://cdn0.woolworths.media/content/wowproductimages/medium/085139.jpg",
    "price": 7.5,
    "quantity": 0.57,
    "unitPrice": 13.2
  },
  {
    "name": "Pink Salmon",
    "url": "https://www.coles.com.au/product/coles-pink-salmon-415g-8675055",
    "img": "https://productimages.coles.com.au/productimages/8/8675055.jpg",
    "price": 5.5,
    "quantity": 0.415,
    "unitPrice": 13.25
  },
  {
    "name": "Woolworths Salmon Pink",
    "url": "https://www.woolworths.com.au/shop/productdetails/220697",
    "img": "https://cdn0.woolworths.media/content/wowproductimages/medium/220697.jpg",
    "price": 5.5,
    "quantity": 0.415,
    "unitPrice": 13.25
  },
  {
    "name": "Mon Since 1899 Flavoured Mayonnaise",
    "url": "https://www.aldi.com.au/en/groceries/limited-time-only/limited-time-only-detail/ps/p/mon-since-1899-flavoured-mayonnaise-300ml/",
    "img": "https://www.aldi.com.au/fileadmin/_processed_/3/3/csm_708746_DE_Q_01_1x1_8b0438d34e.png",
    "price": 3.99,
    "quantity": 0.3,
    "unitPrice": 13.3
  },
  {
    "name": "Aunty Kath's Cookie Dough Choc Chip",
    "url": "https://www.aldi.com.au/en/groceries/limited-time-only/limited-time-only-detail/ps/p/aunty-kaths-cookie-dough-choc-chip-450g/",
    "img": "https://www.aldi.com.au/fileadmin/_processed_/a/9/csm_713696_DE_Q_01_1x1_65cf50c258.png",
    "price": 5.99,
    "quantity": 0.45,
    "unitPrice": 13.3
  },
  {
    "name": "Mon Since 1899 Flavoured Mayonnaise",
    "url": "https://www.aldi.com.au/en/groceries/limited-time-only/limited-time-only-detail/ps/p/mon-since-1899-flavoured-mayonnaise-300ml/",
    "img": "https://www.aldi.com.au/fileadmin/_processed_/3/3/csm_708746_DE_Q_01_1x1_8b0438d34e.png",
    "price": 3.99,
    "quantity": 0.3,
    "unitPrice": 13.3
  },
  {
    "name": "Aunty Kath's Cookie Dough Choc Chip",
    "url": "https://www.aldi.com.au/en/groceries/limited-time-only/limited-time-only-detail/ps/p/aunty-kaths-cookie-dough-choc-chip-450g/",
    "img": "https://www.aldi.com.au/fileadmin/_processed_/a/9/csm_713696_DE_Q_01_1x1_65cf50c258.png",
    "price": 5.99,
    "quantity": 0.45,
    "unitPrice": 13.3
  },
  {
    "name": "Extra Soft Butter Less Fat",
    "url": "https://www.coles.com.au/product/devondale-extra-soft-butter-less-fat-750g-3512053",
    "img": "https://productimages.coles.com.au/productimages/3/3512053.jpg",
    "price": 9.95,
    "quantity": 0.75,
    "unitPrice": 13.3
  },
  {
    "name": "Zymil Regular Thickened Cream",
    "url": "https://www.coles.com.au/product/pauls-zymil-regular-thickened-cream-300ml-5406294",
    "img": "https://productimages.coles.com.au/productimages/5/5406294.jpg",
    "price": 4,
    "quantity": 0.3,
    "unitPrice": 13.3
  },
  {
    "name": "Organic Tasty Tempeh",
    "url": "https://www.coles.com.au/product/nutrisoy-organic-tasty-tempeh-300g-5648602",
    "img": "https://productimages.coles.com.au/productimages/5/5648602.jpg",
    "price": 4,
    "quantity": 0.3,
    "unitPrice": 13.3
  },
  {
    "name": "Kids Chocolate Mousse 12 Pack",
    "url": "https://www.coles.com.au/product/pauls-kids-chocolate-mousse-12-pack-600g-1870507",
    "img": "https://productimages.coles.com.au/productimages/1/1870507.jpg",
    "price": 8,
    "quantity": 0.6,
    "unitPrice": 13.3
  },
  {
    "name": "Pancake Shake Raspberry And White Chocolate",
    "url": "https://www.coles.com.au/product/greens-pancake-shake-raspberry-and-white-chocolate-300g-6769090",
    "img": "https://productimages.coles.com.au/productimages/6/6769090.jpg",
    "price": 4,
    "quantity": 0.3,
    "unitPrice": 13.3
  },
  {
    "name": "Pancake Shake Banana Caramel",
    "url": "https://www.coles.com.au/product/greens-pancake-shake-banana-caramel-300g-6769103",
    "img": "https://productimages.coles.com.au/productimages/6/6769103.jpg",
    "price": 4,
    "quantity": 0.3,
    "unitPrice": 13.3
  },
  {
    "name": "Weet-Bix Gluten Free Coconut & Cinnamon Breakfast Cereal",
    "url": "https://www.coles.com.au/product/sanitarium-weet-bix-gluten-free-coconut-&-cinnamon-breakfast-cereal-400g-2715962",
    "img": "https://productimages.coles.com.au/productimages/2/2715962.jpg",
    "price": 5.3,
    "quantity": 0.4,
    "unitPrice": 13.3
  },
  {
    "name": "Kimchi Ramyun Noodle Soup 5 Pack",
    "url": "https://www.coles.com.au/product/nongshim-kimchi-ramyun-noodle-soup-5-pack-600g-3992833",
    "img": "https://productimages.coles.com.au/productimages/3/3992833.jpg",
    "price": 8,
    "quantity": 0.6,
    "unitPrice": 13.3
  },
  {
    "name": "Peach Chutney",
    "url": "https://www.coles.com.au/product/mrs-h-s-balls-peach-chutney-470g-6006247",
    "img": "https://productimages.coles.com.au/productimages/6/6006247.jpg",
    "price": 6.25,
    "quantity": 0.47,
    "unitPrice": 13.3
  },
  {
    "name": "Original Recipe Chutney",
    "url": "https://www.coles.com.au/product/mrs-h-s-balls-original-recipe-chutney-470g-6007997",
    "img": "https://productimages.coles.com.au/productimages/6/6007997.jpg",
    "price": 6.25,
    "quantity": 0.47,
    "unitPrice": 13.3
  },
  {
    "name": "Special Chicken Flavour Instant Noodles",
    "url": "https://www.coles.com.au/product/indomie-special-chicken-flavour-instant-noodles-75g-5252791",
    "img": "https://productimages.coles.com.au/productimages/5/5252791.jpg",
    "price": 1,
    "quantity": 0.075,
    "unitPrice": 13.3
  },
  {
    "name": "Rice Paper",
    "url": "https://www.coles.com.au/product/roll'd-rice-paper-375g-4207543",
    "img": "https://productimages.coles.com.au/productimages/4/4207543.jpg",
    "price": 5,
    "quantity": 0.375,
    "unitPrice": 13.3
  },
  {
    "name": "Devondale Extra Soft Butter Blend",
    "url": "https://www.woolworths.com.au/shop/productdetails/512321",
    "img": "https://cdn0.woolworths.media/content/wowproductimages/medium/512321.jpg",
    "price": 9.95,
    "quantity": 0.75,
    "unitPrice": 13.3
  },
  {
    "name": "Orgran Gluten Free Pasta Garden Veggie Spirals",
    "url": "https://www.woolworths.com.au/shop/productdetails/216858",
    "img": "https://cdn0.woolworths.media/content/wowproductimages/medium/216858.jpg",
    "price": 4,
    "quantity": 0.3,
    "unitPrice": 13.3
  },
  {
    "name": "Orgran Gluten Free Pasta Garden Veggie Penne",
    "url": "https://www.woolworths.com.au/shop/productdetails/218605",
    "img": "https://cdn0.woolworths.media/content/wowproductimages/medium/218605.jpg",
    "price": 4,
    "quantity": 0.3,
    "unitPrice": 13.3
  },
  {
    "name": "Sanitarium Weet-bix Blends Cranberry & Coconut Breakfast Cereal",
    "url": "https://www.woolworths.com.au/shop/productdetails/430466",
    "img": "https://cdn0.woolworths.media/content/wowproductimages/medium/430466.jpg",
    "price": 6,
    "quantity": 0.45,
    "unitPrice": 13.3
  },
  {
    "name": "Sanitarium Weet-bix Gluten Free Coconut & Cinnamon Breakfast Cereal",
    "url": "https://www.woolworths.com.au/shop/productdetails/476928",
    "img": "https://cdn0.woolworths.media/content/wowproductimages/medium/476928.jpg",
    "price": 5.3,
    "quantity": 0.4,
    "unitPrice": 13.3
  },
  {
    "name": "Sanitarium Weet-bix Honey & Golden Oats",
    "url": "https://www.woolworths.com.au/shop/productdetails/199796",
    "img": "https://cdn0.woolworths.media/content/wowproductimages/medium/199796.jpg",
    "price": 6,
    "quantity": 0.45,
    "unitPrice": 13.3
  },
  {
    "name": "Woolworths Teriyaki Stir Fry Sauce",
    "url": "https://www.woolworths.com.au/shop/productdetails/150170",
    "img": "https://cdn0.woolworths.media/content/wowproductimages/medium/150170.jpg",
    "price": 2,
    "quantity": 0.15,
    "unitPrice": 13.3
  },
  {
    "name": "Woolworths Honey Soy Stir Fry Sauce",
    "url": "https://www.woolworths.com.au/shop/productdetails/150169",
    "img": "https://cdn0.woolworths.media/content/wowproductimages/medium/150169.jpg",
    "price": 2,
    "quantity": 0.15,
    "unitPrice": 13.3
  },
  {
    "name": "Woolworths Pad Thai Stir Fry Sauce",
    "url": "https://www.woolworths.com.au/shop/productdetails/150171",
    "img": "https://cdn0.woolworths.media/content/wowproductimages/medium/150171.jpg",
    "price": 2,
    "quantity": 0.15,
    "unitPrice": 13.3
  },
  {
    "name": "Bull's-eye Original Bbq Sauce",
    "url": "https://www.woolworths.com.au/shop/productdetails/880917",
    "img": "https://cdn0.woolworths.media/content/wowproductimages/medium/880917.jpg",
    "price": 4,
    "quantity": 0.3,
    "unitPrice": 13.3
  },
  {
    "name": "Woolworths Coconut And Lime Red Curry Sauce",
    "url": "https://www.woolworths.com.au/shop/productdetails/150330",
    "img": "https://cdn0.woolworths.media/content/wowproductimages/medium/150330.jpg",
    "price": 2,
    "quantity": 0.15,
    "unitPrice": 13.3
  },
  {
    "name": "Celebrate Health Keto Tomato Sauce",
    "url": "https://www.woolworths.com.au/shop/productdetails/388830",
    "img": "https://cdn0.woolworths.media/content/wowproductimages/medium/388830.jpg",
    "price": 5.7,
    "quantity": 0.43,
    "unitPrice": 13.3
  },
  {
    "name": "Celebrate Health Keto Bbq Sauce",
    "url": "https://www.woolworths.com.au/shop/productdetails/390730",
    "img": "https://cdn0.woolworths.media/content/wowproductimages/medium/390730.jpg",
    "price": 5.7,
    "quantity": 0.43,
    "unitPrice": 13.3
  },
  {
    "name": "Kitchen Broccoli & Cauliflower Florets",
    "url": "https://www.coles.com.au/product/coles-kitchen-broccoli-&-cauliflower-florets-150g-2310111",
    "img": "https://productimages.coles.com.au/productimages/2/2310111.jpg",
    "price": 2,
    "quantity": 0.15,
    "unitPrice": 13.33
  },
  {
    "name": "Kitchen Broccoli Florets",
    "url": "https://www.coles.com.au/product/coles-kitchen-broccoli-florets-150g-2310971",
    "img": "https://productimages.coles.com.au/productimages/2/2310971.jpg",
    "price": 2,
    "quantity": 0.15,
    "unitPrice": 13.33
  },
  {
    "name": "Kitchen Carrot & Broccoli Florets",
    "url": "https://www.coles.com.au/product/coles-kitchen-carrot-&-broccoli-florets-150g-2674650",
    "img": "https://productimages.coles.com.au/productimages/2/2674650.jpg",
    "price": 2,
    "quantity": 0.15,
    "unitPrice": 13.33
  },
  {
    "name": "Kitchen Fine Cut Coleslaw",
    "url": "https://www.coles.com.au/product/coles-kitchen-fine-cut-coleslaw-300g-5039590",
    "img": "https://productimages.coles.com.au/productimages/5/5039590.jpg",
    "price": 4,
    "quantity": 0.3,
    "unitPrice": 13.33
  },
  {
    "name": "Kitchen Chicken Style Soup Mix Kit",
    "url": "https://www.coles.com.au/product/coles-kitchen-chicken-style-soup-mix-kit-450g-5040126",
    "img": "https://productimages.coles.com.au/productimages/5/5040126.jpg",
    "price": 6,
    "quantity": 0.45,
    "unitPrice": 13.33
  },
  {
    "name": "Kitchen Broccoli & Cauliflower Florets",
    "url": "https://www.coles.com.au/product/coles-kitchen-broccoli-&-cauliflower-florets-150g-2310111",
    "img": "https://productimages.coles.com.au/productimages/2/2310111.jpg",
    "price": 2,
    "quantity": 0.15,
    "unitPrice": 13.33
  },
  {
    "name": "Kitchen Broccoli Florets",
    "url": "https://www.coles.com.au/product/coles-kitchen-broccoli-florets-150g-2310971",
    "img": "https://productimages.coles.com.au/productimages/2/2310971.jpg",
    "price": 2,
    "quantity": 0.15,
    "unitPrice": 13.33
  },
  {
    "name": "Kitchen Carrot & Broccoli Florets",
    "url": "https://www.coles.com.au/product/coles-kitchen-carrot-&-broccoli-florets-150g-2674650",
    "img": "https://productimages.coles.com.au/productimages/2/2674650.jpg",
    "price": 2,
    "quantity": 0.15,
    "unitPrice": 13.33
  },
  {
    "name": "Kitchen Fine Cut Coleslaw",
    "url": "https://www.coles.com.au/product/coles-kitchen-fine-cut-coleslaw-300g-5039590",
    "img": "https://productimages.coles.com.au/productimages/5/5039590.jpg",
    "price": 4,
    "quantity": 0.3,
    "unitPrice": 13.33
  },
  {
    "name": "Kitchen Chicken Style Soup Mix Kit",
    "url": "https://www.coles.com.au/product/coles-kitchen-chicken-style-soup-mix-kit-450g-5040126",
    "img": "https://productimages.coles.com.au/productimages/5/5040126.jpg",
    "price": 6,
    "quantity": 0.45,
    "unitPrice": 13.33
  },
  {
    "name": "Pepitas",
    "url": "https://www.coles.com.au/product/coles-pepitas-150g-3017542",
    "img": "https://productimages.coles.com.au/productimages/3/3017542.jpg",
    "price": 2,
    "quantity": 0.15,
    "unitPrice": 13.33
  },
  {
    "name": "Woolworths Washed & Ready To Cook Broccoli Florets",
    "url": "https://www.woolworths.com.au/shop/productdetails/159055",
    "img": "https://cdn0.woolworths.media/content/wowproductimages/medium/159055.jpg",
    "price": 2,
    "quantity": 0.15,
    "unitPrice": 13.33
  },
  {
    "name": "Woolworths Washed & Ready To Cook Broccoli & Cauliflower Florets",
    "url": "https://www.woolworths.com.au/shop/productdetails/159054",
    "img": "https://cdn0.woolworths.media/content/wowproductimages/medium/159054.jpg",
    "price": 2,
    "quantity": 0.15,
    "unitPrice": 13.33
  },
  {
    "name": "Just Veg. Carrot Sticks",
    "url": "https://www.woolworths.com.au/shop/productdetails/259404",
    "img": "https://cdn0.woolworths.media/content/wowproductimages/medium/259404.jpg",
    "price": 2,
    "quantity": 0.15,
    "unitPrice": 13.33
  },
  {
    "name": "Woolworths Washed & Ready To Cook Cauliflower Florets",
    "url": "https://www.woolworths.com.au/shop/productdetails/159056",
    "img": "https://cdn0.woolworths.media/content/wowproductimages/medium/159056.jpg",
    "price": 2,
    "quantity": 0.15,
    "unitPrice": 13.33
  },
  {
    "name": "Mckenzie's Tapioca Flour",
    "url": "https://www.woolworths.com.au/shop/productdetails/820129",
    "img": "https://cdn0.woolworths.media/content/wowproductimages/medium/820129.jpg",
    "price": 4,
    "quantity": 0.3,
    "unitPrice": 13.33
  },
  {
    "name": "Woolworths Pepitas",
    "url": "https://www.woolworths.com.au/shop/productdetails/726358",
    "img": "https://cdn0.woolworths.media/content/wowproductimages/medium/726358.jpg",
    "price": 4,
    "quantity": 0.3,
    "unitPrice": 13.33
  },
  {
    "name": "Mckenzie's Wholemeal Spelt Flour",
    "url": "https://www.woolworths.com.au/shop/productdetails/820203",
    "img": "https://cdn0.woolworths.media/content/wowproductimages/medium/820203.jpg",
    "price": 4,
    "quantity": 0.3,
    "unitPrice": 13.33
  },
  {
    "name": "Tofu Hi-Protein Firm Block",
    "url": "https://www.coles.com.au/product/soyco-tofu-hi-protein-firm-block-350g-5552570",
    "img": "https://productimages.coles.com.au/productimages/5/5552570.jpg",
    "price": 4.7,
    "quantity": 0.35,
    "unitPrice": 13.4
  },
  {
    "name": "Greek Yogurt Raspberry",
    "url": "https://www.coles.com.au/product/chobani-greek-yogurt-raspberry-160g-5938602",
    "img": "https://productimages.coles.com.au/productimages/5/5938602.jpg",
    "price": 2.15,
    "quantity": 0.16,
    "unitPrice": 13.4
  },
  {
    "name": "Greek Yogurt Lemon",
    "url": "https://www.coles.com.au/product/chobani-greek-yogurt-lemon-160g-5938613",
    "img": "https://productimages.coles.com.au/productimages/5/5938613.jpg",
    "price": 2.15,
    "quantity": 0.16,
    "unitPrice": 13.4
  },
  {
    "name": "Greek Yogurt Coconut",
    "url": "https://www.coles.com.au/product/chobani-greek-yogurt-coconut-160g-5938624",
    "img": "https://productimages.coles.com.au/productimages/5/5938624.jpg",
    "price": 2.15,
    "quantity": 0.16,
    "unitPrice": 13.4
  },
  {
    "name": "Greek Yogurt Vanilla",
    "url": "https://www.coles.com.au/product/chobani-greek-yogurt-vanilla-160g-5938668",
    "img": "https://productimages.coles.com.au/productimages/5/5938668.jpg",
    "price": 2.15,
    "quantity": 0.16,
    "unitPrice": 13.4
  },
  {
    "name": "Greek Yogurt Mango",
    "url": "https://www.coles.com.au/product/chobani-greek-yogurt-mango-160g-5938690",
    "img": "https://productimages.coles.com.au/productimages/5/5938690.jpg",
    "price": 2.15,
    "quantity": 0.16,
    "unitPrice": 13.4
  },
  {
    "name": "Cheerios Wholegrain Breakfast Cereal",
    "url": "https://www.coles.com.au/product/uncle-tobys-cheerios-wholegrain-breakfast-cereal-560g-7019380",
    "img": "https://productimages.coles.com.au/productimages/7/7019380.jpg",
    "price": 7.5,
    "quantity": 0.56,
    "unitPrice": 13.4
  },
  {
    "name": "Coconut Oil",
    "url": "https://www.coles.com.au/product/parachute-coconut-oil-500ml-3335264",
    "img": "https://productimages.coles.com.au/productimages/3/3335264.jpg",
    "price": 6.7,
    "quantity": 0.5,
    "unitPrice": 13.4
  },
  {
    "name": "Chobani Halloween Zomberry Yoghurt",
    "url": "https://www.woolworths.com.au/shop/productdetails/385395",
    "img": "https://cdn0.woolworths.media/content/wowproductimages/medium/385395.jpg",
    "price": 2.15,
    "quantity": 0.16,
    "unitPrice": 13.4
  },
  {
    "name": "Chobani Greek Yogurt Passion Fruit",
    "url": "https://www.woolworths.com.au/shop/productdetails/265590",
    "img": "https://cdn0.woolworths.media/content/wowproductimages/medium/265590.jpg",
    "price": 2.15,
    "quantity": 0.16,
    "unitPrice": 13.4
  },
  {
    "name": "Chobani Greek Yogurt Mango",
    "url": "https://www.woolworths.com.au/shop/productdetails/267174",
    "img": "https://cdn0.woolworths.media/content/wowproductimages/medium/267174.jpg",
    "price": 2.15,
    "quantity": 0.16,
    "unitPrice": 13.4
  },
  {
    "name": "Chobani Greek Yogurt Strawberry",
    "url": "https://www.woolworths.com.au/shop/productdetails/264659",
    "img": "https://cdn0.woolworths.media/content/wowproductimages/medium/264659.jpg",
    "price": 2.15,
    "quantity": 0.16,
    "unitPrice": 13.4
  },
  {
    "name": "Chobani Greek Yogurt Vanilla",
    "url": "https://www.woolworths.com.au/shop/productdetails/267214",
    "img": "https://cdn0.woolworths.media/content/wowproductimages/medium/267214.jpg",
    "price": 2.15,
    "quantity": 0.16,
    "unitPrice": 13.4
  },
  {
    "name": "Chobani Greek Yogurt Raspberry",
    "url": "https://www.woolworths.com.au/shop/productdetails/267392",
    "img": "https://cdn0.woolworths.media/content/wowproductimages/medium/267392.jpg",
    "price": 2.15,
    "quantity": 0.16,
    "unitPrice": 13.4
  },
  {
    "name": "Chobani Greek Yogurt Blueberry",
    "url": "https://www.woolworths.com.au/shop/productdetails/263341",
    "img": "https://cdn0.woolworths.media/content/wowproductimages/medium/263341.jpg",
    "price": 2.15,
    "quantity": 0.16,
    "unitPrice": 13.4
  },
  {
    "name": "Chobani Greek Yogurt Natural Light",
    "url": "https://www.woolworths.com.au/shop/productdetails/265568",
    "img": "https://cdn0.woolworths.media/content/wowproductimages/medium/265568.jpg",
    "price": 2.15,
    "quantity": 0.16,
    "unitPrice": 13.4
  },
  {
    "name": "Chobani Greek Yogurt Lemon",
    "url": "https://www.woolworths.com.au/shop/productdetails/265548",
    "img": "https://cdn0.woolworths.media/content/wowproductimages/medium/265548.jpg",
    "price": 2.15,
    "quantity": 0.16,
    "unitPrice": 13.4
  },
  {
    "name": "Chobani Greek Yogurt Very Berry",
    "url": "https://www.woolworths.com.au/shop/productdetails/267302",
    "img": "https://cdn0.woolworths.media/content/wowproductimages/medium/267302.jpg",
    "price": 2.15,
    "quantity": 0.16,
    "unitPrice": 13.4
  },
  {
    "name": "Chobani Greek Yogurt Tropical Fruit",
    "url": "https://www.woolworths.com.au/shop/productdetails/267260",
    "img": "https://cdn0.woolworths.media/content/wowproductimages/medium/267260.jpg",
    "price": 2.15,
    "quantity": 0.16,
    "unitPrice": 13.4
  },
  {
    "name": "Chobani Greek Yogurt Coconut",
    "url": "https://www.woolworths.com.au/shop/productdetails/267732",
    "img": "https://cdn0.woolworths.media/content/wowproductimages/medium/267732.jpg",
    "price": 2.15,
    "quantity": 0.16,
    "unitPrice": 13.4
  },
  {
    "name": "Uncle Tobys Cheerios Original Cereal",
    "url": "https://www.woolworths.com.au/shop/productdetails/387064",
    "img": "https://cdn0.woolworths.media/content/wowproductimages/medium/387064.jpg",
    "price": 7.5,
    "quantity": 0.56,
    "unitPrice": 13.4
  },
  {
    "name": "Saveloys",
    "url": "https://www.coles.com.au/product/primo-saveloys-750g-3052623",
    "img": "https://productimages.coles.com.au/productimages/3/3052623.jpg",
    "price": 10.1,
    "quantity": 0.75,
    "unitPrice": 13.47
  },
  {
    "name": "Middle Bacon",
    "url": "https://www.coles.com.au/product/thomson's-deli-middle-bacon-1kg-1028220",
    "img": "https://productimages.coles.com.au/productimages/1/1028220.jpg",
    "price": 13.5,
    "quantity": 1,
    "unitPrice": 13.5
  },
  {
    "name": "Sticky Date Self Saucing Pudding",
    "url": "https://www.coles.com.au/product/green's-sticky-date-self-saucing-pudding-260g-4816610",
    "img": "https://productimages.coles.com.au/productimages/4/4816610.jpg",
    "price": 3.5,
    "quantity": 0.26,
    "unitPrice": 13.5
  },
  {
    "name": "Butterscotch Pudding",
    "url": "https://www.coles.com.au/product/green's-butterscotch-pudding-260g-7302744",
    "img": "https://productimages.coles.com.au/productimages/7/7302744.jpg",
    "price": 3.5,
    "quantity": 0.26,
    "unitPrice": 13.5
  },
  {
    "name": "Chocolate Self Saucing Pudding",
    "url": "https://www.coles.com.au/product/green's-chocolate-self-saucing-pudding-260g-7302802",
    "img": "https://productimages.coles.com.au/productimages/7/7302802.jpg",
    "price": 3.5,
    "quantity": 0.26,
    "unitPrice": 13.5
  },
  {
    "name": "Just Right Breakfast Cereal With Whole Grains Apricot Pieces And Sultanas",
    "url": "https://www.coles.com.au/product/kellogg's-just-right-breakfast-cereal-with-whole-grains-apricot-pieces-and-sultanas-740g-5103634",
    "img": "https://productimages.coles.com.au/productimages/5/5103634.jpg",
    "price": 10,
    "quantity": 0.74,
    "unitPrice": 13.5
  },
  {
    "name": "2 Minute Instant Noodles Beef Flavour 5 Pack",
    "url": "https://www.coles.com.au/product/maggi-2-minute-instant-noodles-beef-flavour-5-pack-370g-5366983",
    "img": "https://productimages.coles.com.au/productimages/5/5366983.jpg",
    "price": 5,
    "quantity": 0.37,
    "unitPrice": 13.5
  },
  {
    "name": "2 Minute Instant Noodles Oriental Flavour 5 Pack",
    "url": "https://www.coles.com.au/product/maggi-2-minute-instant-noodles-oriental-flavour-5-pack-370g-7560965",
    "img": "https://productimages.coles.com.au/productimages/7/7560965.jpg",
    "price": 5,
    "quantity": 0.37,
    "unitPrice": 13.5
  },
  {
    "name": "Traditional Sweetloaf",
    "url": "https://www.coles.com.au/product/olympian-traditional-sweetloaf-400g-1856110",
    "img": "https://productimages.coles.com.au/productimages/1/1856110.jpg",
    "price": 5.4,
    "quantity": 0.4,
    "unitPrice": 13.5
  },
  {
    "name": "Smooth Peanut Butter",
    "url": "https://www.coles.com.au/product/bega-smooth-peanut-butter-325g-1167158",
    "img": "https://productimages.coles.com.au/productimages/1/1167158.jpg",
    "price": 4.4,
    "quantity": 0.325,
    "unitPrice": 13.5
  },
  {
    "name": "Crunchy Peanut Butter",
    "url": "https://www.coles.com.au/product/bega-crunchy-peanut-butter-325g-1167169",
    "img": "https://productimages.coles.com.au/productimages/1/1167169.jpg",
    "price": 4.4,
    "quantity": 0.325,
    "unitPrice": 13.5
  },
  {
    "name": "Australian Extra Virgin Olive Oil",
    "url": "https://www.coles.com.au/product/coles-australian-extra-virgin-olive-oil-1l-4995600",
    "img": "https://productimages.coles.com.au/productimages/4/4995600.jpg",
    "price": 13.5,
    "quantity": 1,
    "unitPrice": 13.5
  },
  {
    "name": "Seafood Cocktail Sauce",
    "url": "https://www.coles.com.au/product/masterfoods-seafood-cocktail-sauce-260g-190926",
    "img": "https://productimages.coles.com.au/productimages/1/190926.jpg",
    "price": 3.5,
    "quantity": 0.26,
    "unitPrice": 13.5
  },
  {
    "name": "Whole Egg Mayonnaise",
    "url": "https://www.coles.com.au/product/praise-whole-egg-mayonnaise-445g-9821345",
    "img": "https://productimages.coles.com.au/productimages/9/9821345.jpg",
    "price": 6,
    "quantity": 0.445,
    "unitPrice": 13.5
  },
  {
    "name": "Traditional Sweetloaf",
    "url": "https://www.coles.com.au/product/olympian-traditional-sweetloaf-400g-1856110",
    "img": "https://productimages.coles.com.au/productimages/1/1856110.jpg",
    "price": 5.4,
    "quantity": 0.4,
    "unitPrice": 13.5
  },
  {
    "name": "Sweet Chilli Sauce",
    "url": "https://www.coles.com.au/product/trident-sweet-chilli-sauce-285ml-426670",
    "img": "https://productimages.coles.com.au/productimages/4/426670.jpg",
    "price": 3.85,
    "quantity": 0.285,
    "unitPrice": 13.5
  },
  {
    "name": "Sweet Chilli Sauce",
    "url": "https://www.coles.com.au/product/trident-sweet-chilli-sauce-285ml-426670",
    "img": "https://productimages.coles.com.au/productimages/4/426670.jpg",
    "price": 3.85,
    "quantity": 0.285,
    "unitPrice": 13.5
  },
  {
    "name": "Pork Bones Smoked",
    "url": "https://www.coles.com.au/product/coles-pork-bones-smoked-500g-3472436",
    "img": "https://productimages.coles.com.au/productimages/3/3472436.jpg",
    "price": 6.75,
    "quantity": 0.5,
    "unitPrice": 13.5
  },
  {
    "name": "RSPCA Approved Chicken Thigh Fillets Large Pack",
    "url": "https://www.coles.com.au/product/coles-rspca-approved-chicken-thigh-fillets-large-pack-approx.-1.2kg-each-2263328",
    "img": "https://productimages.coles.com.au/productimages/2/2263328.jpg",
    "price": 16.2,
    "quantity": 1.2,
    "unitPrice": 13.5
  },
  {
    "name": "Pork Slow Cook Scotch Roast",
    "url": "https://www.coles.com.au/product/coles-pork-slow-cook-scotch-roast-approx.-1.5kg-2902700",
    "img": "https://productimages.coles.com.au/productimages/2/2902700.jpg",
    "price": 20.25,
    "quantity": 1.5,
    "unitPrice": 13.5
  },
  {
    "name": "Woolworths Shortcut Bacon",
    "url": "https://www.woolworths.com.au/shop/productdetails/55375",
    "img": "https://cdn0.woolworths.media/content/wowproductimages/medium/055375.jpg",
    "price": 13.5,
    "quantity": 1,
    "unitPrice": 13.5
  },
  {
    "name": "Woolworths Middle Bacon Middle Rashers",
    "url": "https://www.woolworths.com.au/shop/productdetails/48358",
    "img": "https://cdn0.woolworths.media/content/wowproductimages/medium/048358.jpg",
    "price": 13.5,
    "quantity": 1,
    "unitPrice": 13.5
  },
  {
    "name": "Bertocchi Bacon Hock Smoked Meaty",
    "url": "https://www.woolworths.com.au/shop/productdetails/307736",
    "img": "https://cdn0.woolworths.media/content/wowproductimages/medium/307736.jpg",
    "price": 20.93,
    "quantity": 1.55,
    "unitPrice": 13.5
  },
  {
    "name": "Bega Simply Nuts Smooth",
    "url": "https://www.woolworths.com.au/shop/productdetails/845897",
    "img": "https://cdn0.woolworths.media/content/wowproductimages/medium/845897.jpg",
    "price": 4.4,
    "quantity": 0.325,
    "unitPrice": 13.5
  },
  {
    "name": "Bega Simply Nuts Crunchy",
    "url": "https://www.woolworths.com.au/shop/productdetails/845906",
    "img": "https://cdn0.woolworths.media/content/wowproductimages/medium/845906.jpg",
    "price": 4.4,
    "quantity": 0.325,
    "unitPrice": 13.5
  },
  {
    "name": "Bega Simply Nuts Crunchiest Peanut Butter",
    "url": "https://www.woolworths.com.au/shop/productdetails/60611",
    "img": "https://cdn0.woolworths.media/content/wowproductimages/medium/060611.jpg",
    "price": 4.4,
    "quantity": 0.325,
    "unitPrice": 13.5
  },
  {
    "name": "Bega Peanut Butter No Added Sugar Or Salt Smooth",
    "url": "https://www.woolworths.com.au/shop/productdetails/748501",
    "img": "https://cdn0.woolworths.media/content/wowproductimages/medium/748501.jpg",
    "price": 4.4,
    "quantity": 0.325,
    "unitPrice": 13.5
  },
  {
    "name": "Kellogg's Just Right Apricot & Sultana Breakfast Cereal",
    "url": "https://www.woolworths.com.au/shop/productdetails/200133",
    "img": "https://cdn0.woolworths.media/content/wowproductimages/medium/200133.jpg",
    "price": 10,
    "quantity": 0.74,
    "unitPrice": 13.5
  },
  {
    "name": "Bega Peanut Butter No Added Sugar Or Salt Crunchy",
    "url": "https://www.woolworths.com.au/shop/productdetails/748414",
    "img": "https://cdn0.woolworths.media/content/wowproductimages/medium/748414.jpg",
    "price": 4.4,
    "quantity": 0.325,
    "unitPrice": 13.5
  },
  {
    "name": "Nestle Nesquik Breakfast Cereal",
    "url": "https://www.woolworths.com.au/shop/productdetails/247242",
    "img": "https://cdn0.woolworths.media/content/wowproductimages/medium/247242.jpg",
    "price": 8.8,
    "quantity": 0.65,
    "unitPrice": 13.5
  },
  {
    "name": "Masterfoods Seafood Cocktail Sauce",
    "url": "https://www.woolworths.com.au/shop/productdetails/34435",
    "img": "https://cdn0.woolworths.media/content/wowproductimages/medium/034435.jpg",
    "price": 3.5,
    "quantity": 0.26,
    "unitPrice": 13.5
  },
  {
    "name": "Woolworths Jelly Lime",
    "url": "https://www.woolworths.com.au/shop/productdetails/294263",
    "img": "https://cdn0.woolworths.media/content/wowproductimages/medium/294263.jpg",
    "price": 1.15,
    "quantity": 0.085,
    "unitPrice": 13.5
  },
  {
    "name": "Woolworths Jelly Raspberry",
    "url": "https://www.woolworths.com.au/shop/productdetails/294262",
    "img": "https://cdn0.woolworths.media/content/wowproductimages/medium/294262.jpg",
    "price": 1.15,
    "quantity": 0.085,
    "unitPrice": 13.5
  },
  {
    "name": "Woolworths Jelly Strawberry",
    "url": "https://www.woolworths.com.au/shop/productdetails/294265",
    "img": "https://cdn0.woolworths.media/content/wowproductimages/medium/294265.jpg",
    "price": 1.15,
    "quantity": 0.085,
    "unitPrice": 13.5
  },
  {
    "name": "Woolworths Jelly Port Wine",
    "url": "https://www.woolworths.com.au/shop/productdetails/294264",
    "img": "https://cdn0.woolworths.media/content/wowproductimages/medium/294264.jpg",
    "price": 1.15,
    "quantity": 0.085,
    "unitPrice": 13.5
  },
  {
    "name": "Green's Pudding Butterscotch Sponge",
    "url": "https://www.woolworths.com.au/shop/productdetails/55855",
    "img": "https://cdn0.woolworths.media/content/wowproductimages/medium/055855.jpg",
    "price": 3.5,
    "quantity": 0.26,
    "unitPrice": 13.5
  },
  {
    "name": "Green's Pudding Chocolate Sponge",
    "url": "https://www.woolworths.com.au/shop/productdetails/55856",
    "img": "https://cdn0.woolworths.media/content/wowproductimages/medium/055856.jpg",
    "price": 3.5,
    "quantity": 0.26,
    "unitPrice": 13.5
  },
  {
    "name": "Green's Pudding Traditional Sticky Date",
    "url": "https://www.woolworths.com.au/shop/productdetails/227571",
    "img": "https://cdn0.woolworths.media/content/wowproductimages/medium/227571.jpg",
    "price": 3.5,
    "quantity": 0.26,
    "unitPrice": 13.5
  },
  {
    "name": "Green's Pudding Lemon Sponge",
    "url": "https://www.woolworths.com.au/shop/productdetails/246598",
    "img": "https://cdn0.woolworths.media/content/wowproductimages/medium/246598.jpg",
    "price": 3.5,
    "quantity": 0.26,
    "unitPrice": 13.5
  },
  {
    "name": "Pacific Tuna Chilli",
    "url": "https://www.coles.com.au/product/coles-pacific-tuna-chilli-185g-3614020",
    "img": "https://productimages.coles.com.au/productimages/3/3614020.jpg",
    "price": 2.5,
    "quantity": 0.185,
    "unitPrice": 13.51
  },
  {
    "name": "Pacific Tuna In Olive Oil",
    "url": "https://www.coles.com.au/product/coles-pacific-tuna-in-olive-oil-185g-3614042",
    "img": "https://productimages.coles.com.au/productimages/3/3614042.jpg",
    "price": 2.5,
    "quantity": 0.185,
    "unitPrice": 13.51
  },
  {
    "name": "Pacific Tuna In Spring Water",
    "url": "https://www.coles.com.au/product/coles-pacific-tuna-in-spring-water-185g-3614064",
    "img": "https://productimages.coles.com.au/productimages/3/3614064.jpg",
    "price": 2.5,
    "quantity": 0.185,
    "unitPrice": 13.51
  },
  {
    "name": "Woolworths Yellowfin Tuna In Springwater",
    "url": "https://www.woolworths.com.au/shop/productdetails/941588",
    "img": "https://cdn0.woolworths.media/content/wowproductimages/medium/941588.jpg",
    "price": 2.5,
    "quantity": 0.185,
    "unitPrice": 13.51
  },
  {
    "name": "Woolworths Yellowfin Tuna In Oil",
    "url": "https://www.woolworths.com.au/shop/productdetails/941590",
    "img": "https://cdn0.woolworths.media/content/wowproductimages/medium/941590.jpg",
    "price": 2.5,
    "quantity": 0.185,
    "unitPrice": 13.51
  },
  {
    "name": "Westacre Dairy Shredded Tasty Cheese",
    "url": "https://www.aldi.com.au/en/groceries/fresh-produce/dairy-eggs/dairy-eggs-detail/ps/p/westacre-dairy-shredded-tasty-cheese-700g/",
    "img": "https://www.aldi.com.au/fileadmin/_processed_/4/f/csm_1001605-3_1x1_Q4_WEB-AUDIT_DAIRY_228x128_9_3304c6548d.jpg",
    "price": 9.49,
    "quantity": 0.7,
    "unitPrice": 13.56
  },
  {
    "name": "Kitchen Creme Royale Potato Mash",
    "url": "https://www.coles.com.au/product/coles-kitchen-creme-royale-potato-mash-350g-2679519",
    "img": "https://productimages.coles.com.au/productimages/2/2679519.jpg",
    "price": 4.75,
    "quantity": 0.35,
    "unitPrice": 13.57
  },
  {
    "name": "Kitchen Creme Royale Potato Mash",
    "url": "https://www.coles.com.au/product/coles-kitchen-creme-royale-potato-mash-350g-2679519",
    "img": "https://productimages.coles.com.au/productimages/2/2679519.jpg",
    "price": 4.75,
    "quantity": 0.35,
    "unitPrice": 13.57
  },
  {
    "name": "Bega Cream Cheese Spread Light",
    "url": "https://www.woolworths.com.au/shop/productdetails/781653",
    "img": "https://cdn0.woolworths.media/content/wowproductimages/medium/781653.jpg",
    "price": 7,
    "quantity": 0.515,
    "unitPrice": 13.59
  },
  {
    "name": "Organic Broccoli",
    "url": "https://www.coles.com.au/product/coles-organic-broccoli-500g-3048820",
    "img": "https://productimages.coles.com.au/productimages/3/3048820.jpg",
    "price": 6.8,
    "quantity": 0.5,
    "unitPrice": 13.6
  },
  {
    "name": "Organic Beetroot",
    "url": "https://www.coles.com.au/product/coles-organic-beetroot-500g-4975782",
    "img": "https://productimages.coles.com.au/productimages/4/4975782.jpg",
    "price": 6.8,
    "quantity": 0.5,
    "unitPrice": 13.6
  },
  {
    "name": "Organic Broccoli",
    "url": "https://www.coles.com.au/product/coles-organic-broccoli-500g-3048820",
    "img": "https://productimages.coles.com.au/productimages/3/3048820.jpg",
    "price": 6.8,
    "quantity": 0.5,
    "unitPrice": 13.6
  },
  {
    "name": "Organic Beetroot",
    "url": "https://www.coles.com.au/product/coles-organic-beetroot-500g-4975782",
    "img": "https://productimages.coles.com.au/productimages/4/4975782.jpg",
    "price": 6.8,
    "quantity": 0.5,
    "unitPrice": 13.6
  },
  {
    "name": "Short Cut Bacon",
    "url": "https://www.coles.com.au/product/thomson's-deli-short-cut-bacon-1.25kg-3930439",
    "img": "https://productimages.coles.com.au/productimages/3/3930439.jpg",
    "price": 17,
    "quantity": 1.25,
    "unitPrice": 13.6
  },
  {
    "name": "Short Cut Bacon",
    "url": "https://www.coles.com.au/product/thomson's-deli-short-cut-bacon-1.25kg-3930439",
    "img": "https://productimages.coles.com.au/productimages/3/3930439.jpg",
    "price": 17,
    "quantity": 1.25,
    "unitPrice": 13.6
  },
  {
    "name": "Muscovado Sugar",
    "url": "https://www.coles.com.au/product/csr-muscovado-sugar-250g-3249796",
    "img": "https://productimages.coles.com.au/productimages/3/3249796.jpg",
    "price": 3.4,
    "quantity": 0.25,
    "unitPrice": 13.6
  },
  {
    "name": "Ready To Roll Icing 5pk",
    "url": "https://www.coles.com.au/product/queen-ready-to-roll-icing-5pk-625g-3591118",
    "img": "https://productimages.coles.com.au/productimages/3/3591118.jpg",
    "price": 8.5,
    "quantity": 0.625,
    "unitPrice": 13.6
  },
  {
    "name": "Oats Quick Sachets Breakfast Cereal Creamy Honey",
    "url": "https://www.coles.com.au/product/uncle-tobys-oats-quick-sachets-breakfast-cereal-creamy-honey-700g-3993166",
    "img": "https://productimages.coles.com.au/productimages/3/3993166.jpg",
    "price": 9.5,
    "quantity": 0.7,
    "unitPrice": 13.6
  },
  {
    "name": "Wheat Free Omega 3 Oats",
    "url": "https://www.coles.com.au/product/red-tractor-wheat-free-omega-3-oats-500g-3739310",
    "img": "https://productimages.coles.com.au/productimages/3/3739310.jpg",
    "price": 6.8,
    "quantity": 0.5,
    "unitPrice": 13.6
  },
  {
    "name": "Pure Honey Squeeze",
    "url": "https://www.coles.com.au/product/capilano-pure-honey-squeeze-500g-9247578",
    "img": "https://productimages.coles.com.au/productimages/9/9247578.jpg",
    "price": 6.8,
    "quantity": 0.5,
    "unitPrice": 13.6
  },
  {
    "name": "Chicken & Vegetable Soup",
    "url": "https://www.coles.com.au/product/australian-organic-chicken-&-vegetable-soup-330g-6126238",
    "img": "https://productimages.coles.com.au/productimages/6/6126238.jpg",
    "price": 4.5,
    "quantity": 0.33,
    "unitPrice": 13.6
  },
  {
    "name": "8 Vegetable Minestrone Soup",
    "url": "https://www.coles.com.au/product/australian-organic-8-vegetable-minestrone-soup-330g-6126250",
    "img": "https://productimages.coles.com.au/productimages/6/6126250.jpg",
    "price": 4.5,
    "quantity": 0.33,
    "unitPrice": 13.6
  },
  {
    "name": "Gluten Free Soya Sauce",
    "url": "https://www.coles.com.au/product/lee-kum-kee-gluten-free-soya-sauce-250ml-3736990",
    "img": "https://productimages.coles.com.au/productimages/3/3736990.jpg",
    "price": 3.4,
    "quantity": 0.25,
    "unitPrice": 13.6
  },
  {
    "name": "Pure Honey Squeeze",
    "url": "https://www.coles.com.au/product/capilano-pure-honey-squeeze-500g-9247578",
    "img": "https://productimages.coles.com.au/productimages/9/9247578.jpg",
    "price": 6.8,
    "quantity": 0.5,
    "unitPrice": 13.6
  },
  {
    "name": "Peanut Butter Super Crunchy",
    "url": "https://www.coles.com.au/product/bega-peanut-butter-super-crunchy-470g-2786257",
    "img": "https://productimages.coles.com.au/productimages/2/2786257.jpg",
    "price": 6.4,
    "quantity": 0.47,
    "unitPrice": 13.6
  },
  {
    "name": "Crunchy Peanut Butter",
    "url": "https://www.coles.com.au/product/bega-crunchy-peanut-butter-470g-5390911",
    "img": "https://productimages.coles.com.au/productimages/5/5390911.jpg",
    "price": 6.4,
    "quantity": 0.47,
    "unitPrice": 13.6
  },
  {
    "name": "Smooth Peanut Butter",
    "url": "https://www.coles.com.au/product/bega-smooth-peanut-butter-470g-5398753",
    "img": "https://productimages.coles.com.au/productimages/5/5398753.jpg",
    "price": 6.4,
    "quantity": 0.47,
    "unitPrice": 13.6
  },
  {
    "name": "Light Crunchy Peanut Butter",
    "url": "https://www.coles.com.au/product/bega-light-crunchy-peanut-butter-470g-9059181",
    "img": "https://productimages.coles.com.au/productimages/9/9059181.jpg",
    "price": 6.4,
    "quantity": 0.47,
    "unitPrice": 13.6
  },
  {
    "name": "Light Smooth Peanut Butter",
    "url": "https://www.coles.com.au/product/bega-light-smooth-peanut-butter-470g-9059250",
    "img": "https://productimages.coles.com.au/productimages/9/9059250.jpg",
    "price": 6.4,
    "quantity": 0.47,
    "unitPrice": 13.6
  },
  {
    "name": "Golden Linguine Pasta 2x250g",
    "url": "https://www.coles.com.au/product/guzzi's-golden-linguine-pasta-2x250g-500g-3947158",
    "img": "https://productimages.coles.com.au/productimages/3/3947158.jpg",
    "price": 6.8,
    "quantity": 0.5,
    "unitPrice": 13.6
  },
  {
    "name": "Golden Pappardelle Pasta 2x250g",
    "url": "https://www.coles.com.au/product/guzzi's-golden-pappardelle-pasta-2x250g-500g-3947170",
    "img": "https://productimages.coles.com.au/productimages/3/3947170.jpg",
    "price": 6.8,
    "quantity": 0.5,
    "unitPrice": 13.6
  },
  {
    "name": "Golden Linguine Pasta 2x250g",
    "url": "https://www.coles.com.au/product/guzzi's-golden-linguine-pasta-2x250g-500g-3947158",
    "img": "https://productimages.coles.com.au/productimages/3/3947158.jpg",
    "price": 6.8,
    "quantity": 0.5,
    "unitPrice": 13.6
  },
  {
    "name": "Golden Pappardelle Pasta 2x250g",
    "url": "https://www.coles.com.au/product/guzzi's-golden-pappardelle-pasta-2x250g-500g-3947170",
    "img": "https://productimages.coles.com.au/productimages/3/3947170.jpg",
    "price": 6.8,
    "quantity": 0.5,
    "unitPrice": 13.6
  },
  {
    "name": "Australian Organic Food Co. 100% Australian Organic Tomato & Basil Soup Pouch",
    "url": "https://www.woolworths.com.au/shop/productdetails/85776",
    "img": "https://cdn0.woolworths.media/content/wowproductimages/medium/085776.jpg",
    "price": 4.5,
    "quantity": 0.33,
    "unitPrice": 13.6
  },
  {
    "name": "Australian Organic Food Co. 8 Vegetable Minestrone Soup Pouch",
    "url": "https://www.woolworths.com.au/shop/productdetails/678711",
    "img": "https://cdn0.woolworths.media/content/wowproductimages/medium/678711.jpg",
    "price": 4.5,
    "quantity": 0.33,
    "unitPrice": 13.6
  },
  {
    "name": "Australian Organic Food Co. Pumpkin & Sweet Potato Soup Pouch",
    "url": "https://www.woolworths.com.au/shop/productdetails/678349",
    "img": "https://cdn0.woolworths.media/content/wowproductimages/medium/678349.jpg",
    "price": 4.5,
    "quantity": 0.33,
    "unitPrice": 13.6
  },
  {
    "name": "Australian Organic Food Co. Chicken Spelt & Vegetable Soup Pouch",
    "url": "https://www.woolworths.com.au/shop/productdetails/678348",
    "img": "https://cdn0.woolworths.media/content/wowproductimages/medium/678348.jpg",
    "price": 4.5,
    "quantity": 0.33,
    "unitPrice": 13.6
  },
  {
    "name": "Australian Organic Food Co. Chickpea & Vegetable Soup Pouch",
    "url": "https://www.woolworths.com.au/shop/productdetails/678381",
    "img": "https://cdn0.woolworths.media/content/wowproductimages/medium/678381.jpg",
    "price": 4.5,
    "quantity": 0.33,
    "unitPrice": 13.6
  },
  {
    "name": "Australian Organic Food Co. Mushroom & Thyme Soup",
    "url": "https://www.woolworths.com.au/shop/productdetails/678380",
    "img": "https://cdn0.woolworths.media/content/wowproductimages/medium/678380.jpg",
    "price": 4.5,
    "quantity": 0.33,
    "unitPrice": 13.6
  },
  {
    "name": "Uncle Tobys Oats Quick Sachets Family Pack Creamy Honey Porridge",
    "url": "https://www.woolworths.com.au/shop/productdetails/147896",
    "img": "https://cdn0.woolworths.media/content/wowproductimages/medium/147896.jpg",
    "price": 9.5,
    "quantity": 0.7,
    "unitPrice": 13.6
  },
  {
    "name": "Spring Gully Worcestershire Sauce",
    "url": "https://www.woolworths.com.au/shop/productdetails/66161",
    "img": "https://cdn0.woolworths.media/content/wowproductimages/medium/066161.jpg",
    "price": 3.4,
    "quantity": 0.25,
    "unitPrice": 13.6
  },
  {
    "name": "Lakanto No Added Sugar Vanilla Cupcake Mix",
    "url": "https://www.woolworths.com.au/shop/productdetails/282514",
    "img": "https://cdn0.woolworths.media/content/wowproductimages/medium/282514.jpg",
    "price": 4.9,
    "quantity": 0.36,
    "unitPrice": 13.6
  },
  {
    "name": "Lakanto No Added Sugar Chocolate Cake Mix",
    "url": "https://www.woolworths.com.au/shop/productdetails/282542",
    "img": "https://cdn0.woolworths.media/content/wowproductimages/medium/282542.jpg",
    "price": 4.9,
    "quantity": 0.36,
    "unitPrice": 13.6
  },
  {
    "name": "Olives Black Sliced",
    "url": "https://www.coles.com.au/product/always-fresh-olives-black-sliced-440g-3877722",
    "img": "https://productimages.coles.com.au/productimages/3/3877722.jpg",
    "price": 6,
    "quantity": 0.44,
    "unitPrice": 13.64
  },
  {
    "name": "Yoguri High Protein Cup Vanilla",
    "url": "https://www.aldi.com.au/en/groceries/fresh-produce/dairy-eggs/dairy-eggs-detail/ps/p/yoguri-high-protein-cup-vanilla-160g/",
    "img": "https://www.aldi.com.au/fileadmin/_processed_/9/9/csm_1002370-4_Q3_WEB_AUDIT_1x1_228x128_41_RET_1a7f0942f4.png",
    "price": 2.19,
    "quantity": 0.16,
    "unitPrice": 13.7
  },
  {
    "name": "Yoguri High Protein Cup Strawberry",
    "url": "https://www.aldi.com.au/en/groceries/fresh-produce/dairy-eggs/dairy-eggs-detail/ps/p/yoguri-high-protein-cup-strawberry-160g/",
    "img": "https://www.aldi.com.au/fileadmin/_processed_/b/1/csm_1002370-4_Q3_WEB_AUDIT_1x1_228x128_42_RET_96dc85aedb.png",
    "price": 2.19,
    "quantity": 0.16,
    "unitPrice": 13.7
  },
  {
    "name": "Yoguri High Protein Cup Salted Caramel",
    "url": "https://www.aldi.com.au/en/groceries/fresh-produce/dairy-eggs/dairy-eggs-detail/ps/p/yoguri-high-protein-cup-salted-caramel-160g/",
    "img": "https://www.aldi.com.au/fileadmin/_processed_/3/c/csm_1002370-4_Q3_WEB_AUDIT_1x1_228x128_43_RET_bff8281ae5.png",
    "price": 2.19,
    "quantity": 0.16,
    "unitPrice": 13.7
  },
  {
    "name": "Fusian Instant Noodles Hot & Spicy 5 Pack",
    "url": "https://www.coles.com.au/product/maggi-fusian-instant-noodles-hot-&-spicy-5-pack-365g-8097811",
    "img": "https://productimages.coles.com.au/productimages/8/8097811.jpg",
    "price": 5,
    "quantity": 0.365,
    "unitPrice": 13.7
  },
  {
    "name": "Vietnamese Salad Dressing",
    "url": "https://www.coles.com.au/product/pandaroo-vietnamese-salad-dressing-270ml-4223991",
    "img": "https://productimages.coles.com.au/productimages/4/4223991.jpg",
    "price": 3.7,
    "quantity": 0.27,
    "unitPrice": 13.7
  },
  {
    "name": "Original Ginger Marmalade",
    "url": "https://www.coles.com.au/product/buderim-ginger-original-ginger-marmalade-365g-5103441",
    "img": "https://productimages.coles.com.au/productimages/5/5103441.jpg",
    "price": 5,
    "quantity": 0.365,
    "unitPrice": 13.7
  },
  {
    "name": "Yackandandah Lemon Curd",
    "url": "https://www.woolworths.com.au/shop/productdetails/249189",
    "img": "https://cdn0.woolworths.media/content/wowproductimages/medium/249189.jpg",
    "price": 4.8,
    "quantity": 0.35,
    "unitPrice": 13.7
  },
  {
    "name": "Buderim Ginger Ginger Marmalade",
    "url": "https://www.woolworths.com.au/shop/productdetails/249361",
    "img": "https://cdn0.woolworths.media/content/wowproductimages/medium/249361.jpg",
    "price": 5,
    "quantity": 0.365,
    "unitPrice": 13.7
  },
  {
    "name": "Pandaroo Salad Dressing Vietnamese",
    "url": "https://www.woolworths.com.au/shop/productdetails/789366",
    "img": "https://cdn0.woolworths.media/content/wowproductimages/medium/789366.jpg",
    "price": 3.7,
    "quantity": 0.27,
    "unitPrice": 13.7
  },
  {
    "name": "White Wings Cupcake Mix Red Velvet",
    "url": "https://www.woolworths.com.au/shop/productdetails/708688",
    "img": "https://cdn0.woolworths.media/content/wowproductimages/medium/708688.jpg",
    "price": 5,
    "quantity": 0.365,
    "unitPrice": 13.7
  },
  {
    "name": "Macro Australian Raisins",
    "url": "https://www.woolworths.com.au/shop/productdetails/89731",
    "img": "https://cdn0.woolworths.media/content/wowproductimages/medium/089731.jpg",
    "price": 13.7,
    "quantity": 1,
    "unitPrice": 13.7
  },
  {
    "name": "Specially Selected Potato Gratin Mushroom & Truffle",
    "url": "https://www.aldi.com.au/en/groceries/limited-time-only/limited-time-only-detail/ps/p/specially-selected-potato-gratin-mushroom-truffle/",
    "img": "https://www.aldi.com.au/fileadmin/_processed_/9/7/csm_701304_DE_Q_01_1x1_af468beb34.png",
    "price": 5.49,
    "quantity": 0.4,
    "unitPrice": 13.73
  },
  {
    "name": "Specially Selected Potato Gratin Mushroom & Truffle",
    "url": "https://www.aldi.com.au/en/groceries/limited-time-only/limited-time-only-detail/ps/p/specially-selected-potato-gratin-mushroom-truffle/",
    "img": "https://www.aldi.com.au/fileadmin/_processed_/9/7/csm_701304_DE_Q_01_1x1_af468beb34.png",
    "price": 5.49,
    "quantity": 0.4,
    "unitPrice": 13.73
  },
  {
    "name": "Kitchen Mexican Style Salad Kit",
    "url": "https://www.coles.com.au/product/coles-kitchen-mexican-style-salad-kit-400g-3015966",
    "img": "https://productimages.coles.com.au/productimages/3/3015966.jpg",
    "price": 5.5,
    "quantity": 0.4,
    "unitPrice": 13.75
  },
  {
    "name": "Kitchen American BBQ Slaw Kit",
    "url": "https://www.coles.com.au/product/coles-kitchen-american-bbq-slaw-kit-400g-3015977",
    "img": "https://productimages.coles.com.au/productimages/3/3015977.jpg",
    "price": 5.5,
    "quantity": 0.4,
    "unitPrice": 13.75
  },
  {
    "name": "Kitchen Family Ranch Salad Kit",
    "url": "https://www.coles.com.au/product/coles-kitchen-family-ranch-salad-kit-400g-3858943",
    "img": "https://productimages.coles.com.au/productimages/3/3858943.jpg",
    "price": 5.5,
    "quantity": 0.4,
    "unitPrice": 13.75
  },
  {
    "name": "Dried Banana Chips",
    "url": "https://www.coles.com.au/product/coles-dried-banana-chips-400g-5221812",
    "img": "https://productimages.coles.com.au/productimages/5/5221812.jpg",
    "price": 5.5,
    "quantity": 0.4,
    "unitPrice": 13.75
  },
  {
    "name": "Kitchen Mexican Style Salad Kit",
    "url": "https://www.coles.com.au/product/coles-kitchen-mexican-style-salad-kit-400g-3015966",
    "img": "https://productimages.coles.com.au/productimages/3/3015966.jpg",
    "price": 5.5,
    "quantity": 0.4,
    "unitPrice": 13.75
  },
  {
    "name": "Kitchen American BBQ Slaw Kit",
    "url": "https://www.coles.com.au/product/coles-kitchen-american-bbq-slaw-kit-400g-3015977",
    "img": "https://productimages.coles.com.au/productimages/3/3015977.jpg",
    "price": 5.5,
    "quantity": 0.4,
    "unitPrice": 13.75
  },
  {
    "name": "Kitchen Family Ranch Salad Kit",
    "url": "https://www.coles.com.au/product/coles-kitchen-family-ranch-salad-kit-400g-3858943",
    "img": "https://productimages.coles.com.au/productimages/3/3858943.jpg",
    "price": 5.5,
    "quantity": 0.4,
    "unitPrice": 13.75
  },
  {
    "name": "Dried Banana Chips",
    "url": "https://www.coles.com.au/product/coles-dried-banana-chips-400g-5221812",
    "img": "https://productimages.coles.com.au/productimages/5/5221812.jpg",
    "price": 5.5,
    "quantity": 0.4,
    "unitPrice": 13.75
  },
  {
    "name": "Pineapple Pieces",
    "url": "https://www.coles.com.au/product/coles-pineapple-pieces-200g-3039567",
    "img": "https://productimages.coles.com.au/productimages/3/3039567.jpg",
    "price": 2.75,
    "quantity": 0.2,
    "unitPrice": 13.75
  },
  {
    "name": "Pure Australian Honey Squeeze",
    "url": "https://www.coles.com.au/product/coles-pure-australian-honey-squeeze-1kg-3185015",
    "img": "https://productimages.coles.com.au/productimages/3/3185015.jpg",
    "price": 13.75,
    "quantity": 1,
    "unitPrice": 13.8
  },
  {
    "name": "Pure Australian Honey Squeeze",
    "url": "https://www.coles.com.au/product/coles-pure-australian-honey-squeeze-1kg-3185015",
    "img": "https://productimages.coles.com.au/productimages/3/3185015.jpg",
    "price": 13.75,
    "quantity": 1,
    "unitPrice": 13.8
  },
  {
    "name": "Strawberry Jam",
    "url": "https://www.coles.com.au/product/barker's-strawberry-jam-455g-7549361",
    "img": "https://productimages.coles.com.au/productimages/7/7549361.jpg",
    "price": 6.3,
    "quantity": 0.455,
    "unitPrice": 13.8
  },
  {
    "name": "Apricot Jam",
    "url": "https://www.coles.com.au/product/barker's-apricot-jam-455g-7682827",
    "img": "https://productimages.coles.com.au/productimages/7/7682827.jpg",
    "price": 6.3,
    "quantity": 0.455,
    "unitPrice": 13.8
  },
  {
    "name": "Three Berry Jam",
    "url": "https://www.coles.com.au/product/barker's-three-berry-jam-455g-7682838",
    "img": "https://productimages.coles.com.au/productimages/7/7682838.jpg",
    "price": 6.3,
    "quantity": 0.455,
    "unitPrice": 13.8
  },
  {
    "name": "Balsamic Vinegar Original Label 2 Seal",
    "url": "https://www.coles.com.au/product/mazzetti-balsamic-vinegar-original-label-2-seal-250ml-5604629",
    "img": "https://productimages.coles.com.au/productimages/5/5604629.jpg",
    "price": 3.45,
    "quantity": 0.25,
    "unitPrice": 13.8
  },
  {
    "name": "Gourmet Pearl Couscous",
    "url": "https://www.coles.com.au/product/blu-gourmet-pearl-couscous-400g-3611601",
    "img": "https://productimages.coles.com.au/productimages/3/3611601.jpg",
    "price": 5.5,
    "quantity": 0.4,
    "unitPrice": 13.8
  },
  {
    "name": "Gourmet Pearl Couscous",
    "url": "https://www.coles.com.au/product/blu-gourmet-pearl-couscous-400g-3611601",
    "img": "https://productimages.coles.com.au/productimages/3/3611601.jpg",
    "price": 5.5,
    "quantity": 0.4,
    "unitPrice": 13.8
  },
  {
    "name": "Squeeze Real Mayonnaise",
    "url": "https://www.coles.com.au/product/hellmann's-squeeze-real-mayonnaise-400g-3025755",
    "img": "https://productimages.coles.com.au/productimages/3/3025755.jpg",
    "price": 5.5,
    "quantity": 0.4,
    "unitPrice": 13.8
  },
  {
    "name": "Real Mayonnaise Jar",
    "url": "https://www.coles.com.au/product/hellmann's-real-mayonnaise-jar-800g-3025573",
    "img": "https://productimages.coles.com.au/productimages/3/3025573.jpg",
    "price": 11,
    "quantity": 0.8,
    "unitPrice": 13.8
  },
  {
    "name": "Worcestershire Sauce",
    "url": "https://www.coles.com.au/product/lea-&-perrins-worcestershire-sauce-290ml-5310752",
    "img": "https://productimages.coles.com.au/productimages/5/5310752.jpg",
    "price": 4,
    "quantity": 0.29,
    "unitPrice": 13.8
  },
  {
    "name": "Paddle Pop Chocolate",
    "url": "https://www.coles.com.au/product/streets-paddle-pop-chocolate-544ml-3840631",
    "img": "https://productimages.coles.com.au/productimages/3/3840631.jpg",
    "price": 7.5,
    "quantity": 0.544,
    "unitPrice": 13.8
  },
  {
    "name": "Woolworths Beef Mince Bolognaise Sauce",
    "url": "https://www.woolworths.com.au/shop/productdetails/385337",
    "img": "https://cdn0.woolworths.media/content/wowproductimages/medium/385337.jpg",
    "price": 11,
    "quantity": 0.8,
    "unitPrice": 13.8
  },
  {
    "name": "Essentials Packet Soup Mix French Onion",
    "url": "https://www.woolworths.com.au/shop/productdetails/94699",
    "img": "https://cdn0.woolworths.media/content/wowproductimages/medium/094699.jpg",
    "price": 0.55,
    "quantity": 0.04,
    "unitPrice": 13.8
  },
  {
    "name": "Barilla Pasta Gluten Free Penne Rigate",
    "url": "https://www.woolworths.com.au/shop/productdetails/620647",
    "img": "https://cdn0.woolworths.media/content/wowproductimages/medium/620647.jpg",
    "price": 4.7,
    "quantity": 0.34,
    "unitPrice": 13.8
  },
  {
    "name": "Blu Gourmet Pearl Couscous",
    "url": "https://www.woolworths.com.au/shop/productdetails/62992",
    "img": "https://cdn0.woolworths.media/content/wowproductimages/medium/062992.jpg",
    "price": 5.5,
    "quantity": 0.4,
    "unitPrice": 13.8
  },
  {
    "name": "Barilla Pasta Gluten Free Spaghetti Gluten Free",
    "url": "https://www.woolworths.com.au/shop/productdetails/620646",
    "img": "https://cdn0.woolworths.media/content/wowproductimages/medium/620646.jpg",
    "price": 4.7,
    "quantity": 0.34,
    "unitPrice": 13.8
  },
  {
    "name": "Barilla Gluten Free Fusilli",
    "url": "https://www.woolworths.com.au/shop/productdetails/286164",
    "img": "https://cdn0.woolworths.media/content/wowproductimages/medium/286164.jpg",
    "price": 4.7,
    "quantity": 0.34,
    "unitPrice": 13.8
  },
  {
    "name": "Kellogg's Nutri Grain Protein Breakfast Cereal",
    "url": "https://www.woolworths.com.au/shop/productdetails/202140",
    "img": "https://cdn0.woolworths.media/content/wowproductimages/medium/202140.jpg",
    "price": 6.5,
    "quantity": 0.47,
    "unitPrice": 13.8
  },
  {
    "name": "Barker’s Anathoth Farm Strawberry Jam",
    "url": "https://www.woolworths.com.au/shop/productdetails/269903",
    "img": "https://cdn0.woolworths.media/content/wowproductimages/medium/269903.jpg",
    "price": 6.3,
    "quantity": 0.455,
    "unitPrice": 13.8
  },
  {
    "name": "Barker’s Anathoth Farm Three Berry Jam",
    "url": "https://www.woolworths.com.au/shop/productdetails/269871",
    "img": "https://cdn0.woolworths.media/content/wowproductimages/medium/269871.jpg",
    "price": 6.3,
    "quantity": 0.455,
    "unitPrice": 13.8
  },
  {
    "name": "Carman's Original Fruit Free Muesli",
    "url": "https://www.woolworths.com.au/shop/productdetails/146325",
    "img": "https://cdn0.woolworths.media/content/wowproductimages/medium/146325.jpg",
    "price": 6.9,
    "quantity": 0.5,
    "unitPrice": 13.8
  },
  {
    "name": "Carman's Classic Fruit & Nut Muesli",
    "url": "https://www.woolworths.com.au/shop/productdetails/146326",
    "img": "https://cdn0.woolworths.media/content/wowproductimages/medium/146326.jpg",
    "price": 6.9,
    "quantity": 0.5,
    "unitPrice": 13.8
  },
  {
    "name": "Barker’s Anathoth Farm Boysenberry Jam",
    "url": "https://www.woolworths.com.au/shop/productdetails/269914",
    "img": "https://cdn0.woolworths.media/content/wowproductimages/medium/269914.jpg",
    "price": 6.3,
    "quantity": 0.455,
    "unitPrice": 13.8
  },
  {
    "name": "Barker’s Raspberry & Redcurrant Jam",
    "url": "https://www.woolworths.com.au/shop/productdetails/288167",
    "img": "https://cdn0.woolworths.media/content/wowproductimages/medium/288167.jpg",
    "price": 6.3,
    "quantity": 0.455,
    "unitPrice": 13.8
  },
  {
    "name": "Carman's Super Berry Muesli Blueberry & Goji Muesli",
    "url": "https://www.woolworths.com.au/shop/productdetails/922530",
    "img": "https://cdn0.woolworths.media/content/wowproductimages/medium/922530.jpg",
    "price": 6.9,
    "quantity": 0.5,
    "unitPrice": 13.8
  },
  {
    "name": "Carman's Natural Bircher Muesli",
    "url": "https://www.woolworths.com.au/shop/productdetails/146327",
    "img": "https://cdn0.woolworths.media/content/wowproductimages/medium/146327.jpg",
    "price": 6.9,
    "quantity": 0.5,
    "unitPrice": 13.8
  },
  {
    "name": "F. Whitlock & Sons Texas Bbq Style Marinade",
    "url": "https://www.woolworths.com.au/shop/productdetails/169905",
    "img": "https://cdn0.woolworths.media/content/wowproductimages/medium/169905.jpg",
    "price": 5.5,
    "quantity": 0.4,
    "unitPrice": 13.8
  },
  {
    "name": "F. Whitlock & Sons Korean Bbq Style Marinade",
    "url": "https://www.woolworths.com.au/shop/productdetails/169367",
    "img": "https://cdn0.woolworths.media/content/wowproductimages/medium/169367.jpg",
    "price": 5.5,
    "quantity": 0.4,
    "unitPrice": 13.8
  },
  {
    "name": "Brussels Sprouts loose",
    "url": "https://www.coles.com.au/product/coles-brussels-sprouts-loose-approx.-400g-each-407766",
    "img": "https://productimages.coles.com.au/productimages/4/407766.jpg",
    "price": 5.56,
    "quantity": 0.4,
    "unitPrice": 13.9
  },
  {
    "name": "Brussels Sprouts loose",
    "url": "https://www.coles.com.au/product/coles-brussels-sprouts-loose-approx.-400g-each-407766",
    "img": "https://productimages.coles.com.au/productimages/4/407766.jpg",
    "price": 5.56,
    "quantity": 0.4,
    "unitPrice": 13.9
  },
  {
    "name": "Banana Muffin Bars",
    "url": "https://www.coles.com.au/product/coles-banana-muffin-bars-420g-3883747",
    "img": "https://productimages.coles.com.au/productimages/3/3883747.jpg",
    "price": 5.85,
    "quantity": 0.42,
    "unitPrice": 13.9
  },
  {
    "name": "Chocolate Chip Muffin Bars",
    "url": "https://www.coles.com.au/product/coles-chocolate-chip-muffin-bars-420g-3883758",
    "img": "https://productimages.coles.com.au/productimages/3/3883758.jpg",
    "price": 5.85,
    "quantity": 0.42,
    "unitPrice": 13.9
  },
  {
    "name": "Dark Chocochino",
    "url": "https://www.coles.com.au/product/vittoria-dark-chocochino-375g-2993397",
    "img": "https://productimages.coles.com.au/productimages/2/2993397.jpg",
    "price": 5.2,
    "quantity": 0.375,
    "unitPrice": 13.9
  },
  {
    "name": "Gluten Free Vanilla Cupcake Mix",
    "url": "https://www.coles.com.au/product/betty-crocker-gluten-free-vanilla-cupcake-mix-460g-3056737",
    "img": "https://productimages.coles.com.au/productimages/3/3056737.jpg",
    "price": 6.4,
    "quantity": 0.46,
    "unitPrice": 13.9
  },
  {
    "name": "Dark Chocochino",
    "url": "https://www.coles.com.au/product/vittoria-dark-chocochino-375g-2993397",
    "img": "https://productimages.coles.com.au/productimages/2/2993397.jpg",
    "price": 5.2,
    "quantity": 0.375,
    "unitPrice": 13.9
  },
  {
    "name": "Gluten Free Vanilla Cupcake Mix",
    "url": "https://www.coles.com.au/product/betty-crocker-gluten-free-vanilla-cupcake-mix-460g-3056737",
    "img": "https://productimages.coles.com.au/productimages/3/3056737.jpg",
    "price": 6.4,
    "quantity": 0.46,
    "unitPrice": 13.9
  },
  {
    "name": "2 Minute Instant Noodles Chicken Flavour 5 Pack",
    "url": "https://www.coles.com.au/product/maggi-2-minute-instant-noodles-chicken-flavour-5-pack-360g-5366972",
    "img": "https://productimages.coles.com.au/productimages/5/5366972.jpg",
    "price": 5,
    "quantity": 0.36,
    "unitPrice": 13.9
  },
  {
    "name": "Fusian Instant Noodles Soy & Mild Spice Flavour 5 Pack",
    "url": "https://www.coles.com.au/product/maggi-fusian-instant-noodles-soy-&-mild-spice-flavour-5-pack-360g-8097800",
    "img": "https://productimages.coles.com.au/productimages/8/8097800.jpg",
    "price": 5,
    "quantity": 0.36,
    "unitPrice": 13.9
  },
  {
    "name": "Hoisin Sauce",
    "url": "https://www.coles.com.au/product/jade-phoenix-hoisin-sauce-230g-5559218",
    "img": "https://productimages.coles.com.au/productimages/5/5559218.jpg",
    "price": 3.2,
    "quantity": 0.23,
    "unitPrice": 13.9
  },
  {
    "name": "Oyster Sauce",
    "url": "https://www.coles.com.au/product/jade-phoenix-oyster-sauce-230g-5559273",
    "img": "https://productimages.coles.com.au/productimages/5/5559273.jpg",
    "price": 3.2,
    "quantity": 0.23,
    "unitPrice": 13.9
  },
  {
    "name": "Urban Coffee Culture Syrup Caramel",
    "url": "https://www.coles.com.au/product/coles-urban-coffee-culture-syrup-caramel-360ml-3209102",
    "img": "https://productimages.coles.com.au/productimages/3/3209102.jpg",
    "price": 5,
    "quantity": 0.36,
    "unitPrice": 13.9
  },
  {
    "name": "Urban Coffee Culture Syrup Vanilla",
    "url": "https://www.coles.com.au/product/coles-urban-coffee-culture-syrup-vanilla-360ml-3209113",
    "img": "https://productimages.coles.com.au/productimages/3/3209113.jpg",
    "price": 5,
    "quantity": 0.36,
    "unitPrice": 13.9
  },
  {
    "name": "Urban Coffee Culture Hazelnut Syrup",
    "url": "https://www.coles.com.au/product/coles-urban-coffee-culture-hazelnut-syrup-360ml-3653394",
    "img": "https://productimages.coles.com.au/productimages/3/3653394.jpg",
    "price": 5,
    "quantity": 0.36,
    "unitPrice": 13.9
  },
  {
    "name": "Vegan Mayo",
    "url": "https://www.coles.com.au/product/praise-vegan-mayo-360g-4498640",
    "img": "https://productimages.coles.com.au/productimages/4/4498640.jpg",
    "price": 5,
    "quantity": 0.36,
    "unitPrice": 13.9
  },
  {
    "name": "Stuffed Potato Mashies 12 Pack",
    "url": "https://www.coles.com.au/product/squid-games-stuffed-potato-mashies-12-pack-360g-7080100",
    "img": "https://productimages.coles.com.au/productimages/7/7080100.jpg",
    "price": 5,
    "quantity": 0.36,
    "unitPrice": 13.9
  },
  {
    "name": "Nuttelex Pulse Buttery Dairy Free Spread",
    "url": "https://www.woolworths.com.au/shop/productdetails/222535",
    "img": "https://cdn0.woolworths.media/content/wowproductimages/medium/222535.jpg",
    "price": 5.2,
    "quantity": 0.375,
    "unitPrice": 13.9
  },
  {
    "name": "Bill's Health Bakery Multifruit Sourdough Loaf",
    "url": "https://www.woolworths.com.au/shop/productdetails/658478",
    "img": "https://cdn0.woolworths.media/content/wowproductimages/medium/658478.jpg",
    "price": 9.2,
    "quantity": 0.66,
    "unitPrice": 13.9
  },
  {
    "name": "Masterfoods Lemon Butter Spread",
    "url": "https://www.woolworths.com.au/shop/productdetails/39361",
    "img": "https://cdn0.woolworths.media/content/wowproductimages/medium/039361.jpg",
    "price": 3.9,
    "quantity": 0.28,
    "unitPrice": 13.9
  },
  {
    "name": "Lingham's Sauce Chilli",
    "url": "https://www.woolworths.com.au/shop/productdetails/791072",
    "img": "https://cdn0.woolworths.media/content/wowproductimages/medium/791072.jpg",
    "price": 3.9,
    "quantity": 0.28,
    "unitPrice": 13.9
  },
  {
    "name": "Westacre Dairy Tasty Cheese Block",
    "url": "https://www.aldi.com.au/en/groceries/fresh-produce/dairy-eggs/dairy-eggs-detail/ps/p/westacre-dairy-tasty-cheese-block-500g/",
    "img": "https://www.aldi.com.au/fileadmin/_processed_/0/f/csm_1001605-3_1x1_Q4_WEB-AUDIT_DAIRY_228x128_12_08d2db3efa.jpg",
    "price": 6.99,
    "quantity": 0.5,
    "unitPrice": 13.98
  },
  {
    "name": "Westacre Dairy Vintage Cheese Block",
    "url": "https://www.aldi.com.au/en/groceries/fresh-produce/dairy-eggs/dairy-eggs-detail/ps/p/westacre-dairy-vintage-cheese-block-500g/",
    "img": "https://www.aldi.com.au/fileadmin/_processed_/a/0/csm_1001605-3_1x1_Q4_WEB-AUDIT_DAIRY_228x128_14_92d3a61363.jpg",
    "price": 6.99,
    "quantity": 0.5,
    "unitPrice": 13.98
  },
  {
    "name": "Westacre Colby Cheese Block",
    "url": "https://www.aldi.com.au/en/groceries/fresh-produce/dairy-eggs/dairy-eggs-detail/ps/p/westacre-colby-cheese-block-500g-1/",
    "img": "https://www.aldi.com.au/fileadmin/_processed_/2/0/csm_1002370-4_Q3_WEB_AUDIT_1x1_228x128_16_RET_060a5543cd.png",
    "price": 6.99,
    "quantity": 0.5,
    "unitPrice": 13.98
  },
  {
    "name": "Blueberries",
    "url": "https://www.coles.com.au/product/coles-blueberries-300g-3857634",
    "img": "https://productimages.coles.com.au/productimages/3/3857634.jpg",
    "price": 4.2,
    "quantity": 0.3,
    "unitPrice": 14
  },
  {
    "name": "Kitchen Stir Fry Superfood",
    "url": "https://www.coles.com.au/product/coles-kitchen-stir-fry-superfood-250g-5541562",
    "img": "https://productimages.coles.com.au/productimages/5/5541562.jpg",
    "price": 3.5,
    "quantity": 0.25,
    "unitPrice": 14
  },
  {
    "name": "Blueberries",
    "url": "https://www.coles.com.au/product/coles-blueberries-300g-3857634",
    "img": "https://productimages.coles.com.au/productimages/3/3857634.jpg",
    "price": 4.2,
    "quantity": 0.3,
    "unitPrice": 14
  },
  {
    "name": "Kitchen Stir Fry Superfood",
    "url": "https://www.coles.com.au/product/coles-kitchen-stir-fry-superfood-250g-5541562",
    "img": "https://productimages.coles.com.au/productimages/5/5541562.jpg",
    "price": 3.5,
    "quantity": 0.25,
    "unitPrice": 14
  },
  {
    "name": "Crust Plain Pizza",
    "url": "https://www.coles.com.au/product/mission-crust-plain-pizza-400g-3870825",
    "img": "https://productimages.coles.com.au/productimages/3/3870825.jpg",
    "price": 5.6,
    "quantity": 0.4,
    "unitPrice": 14
  },
  {
    "name": "Bakery Gluten Free Mixed Seeds Bread",
    "url": "https://www.coles.com.au/product/abbott's-bakery-gluten-free-mixed-seeds-bread-500g-2834225",
    "img": "https://productimages.coles.com.au/productimages/2/2834225.jpg",
    "price": 7,
    "quantity": 0.5,
    "unitPrice": 14
  },
  {
    "name": "Bakery Gluten Free Soy And Linseed Bread",
    "url": "https://www.coles.com.au/product/abbott's-bakery-gluten-free-soy-and-linseed-bread-500g-2834247",
    "img": "https://productimages.coles.com.au/productimages/2/2834247.jpg",
    "price": 7,
    "quantity": 0.5,
    "unitPrice": 14
  },
  {
    "name": "Bakery Gluten Free Rustic White Bread",
    "url": "https://www.coles.com.au/product/abbott's-bakery-gluten-free-rustic-white-bread-500g-3216913",
    "img": "https://productimages.coles.com.au/productimages/3/3216913.jpg",
    "price": 7,
    "quantity": 0.5,
    "unitPrice": 14
  },
  {
    "name": "Marzipanstollen",
    "url": "https://www.coles.com.au/product/kuchenmeister-marzipanstollen-500g-3545697",
    "img": "https://productimages.coles.com.au/productimages/3/3545697.jpg",
    "price": 7,
    "quantity": 0.5,
    "unitPrice": 14
  },
  {
    "name": "Bakery Gluten Free Farmhouse Wholemeal Bread",
    "url": "https://www.coles.com.au/product/abbott's-bakery-gluten-free-farmhouse-wholemeal-bread-500g-3751790",
    "img": "https://productimages.coles.com.au/productimages/3/3751790.jpg",
    "price": 7,
    "quantity": 0.5,
    "unitPrice": 14
  },
  {
    "name": "Village Bakery Gluten Free Sourdough Grain And Seeds",
    "url": "https://www.coles.com.au/product/abbott's-village-bakery-gluten-free-sourdough-grain-and-seeds-500g-4406109",
    "img": "https://productimages.coles.com.au/productimages/4/4406109.jpg",
    "price": 7,
    "quantity": 0.5,
    "unitPrice": 14
  },
  {
    "name": "RSPCA Approved Chicken Schnitzel",
    "url": "https://www.coles.com.au/product/coles-deli-rspca-approved-chicken-schnitzel-250g-4144829",
    "img": "https://productimages.coles.com.au/productimages/4/4144829.jpg",
    "price": 3.5,
    "quantity": 0.25,
    "unitPrice": 14
  },
  {
    "name": "Deli Shredded Chicken Value Pack",
    "url": "https://www.coles.com.au/product/thomson's-deli-shredded-chicken-value-pack-500g-4653935",
    "img": "https://productimages.coles.com.au/productimages/4/4653935.jpg",
    "price": 7,
    "quantity": 0.5,
    "unitPrice": 14
  },
  {
    "name": "Olive Mortadella",
    "url": "https://www.coles.com.au/product/bertocchi-olive-mortadella-approx.-100g-9777050",
    "img": "https://productimages.coles.com.au/productimages/9/9777050.jpg",
    "price": 1.4,
    "quantity": 0.1,
    "unitPrice": 14
  },
  {
    "name": "Pepper Mortadella",
    "url": "https://www.coles.com.au/product/bertocchi-pepper-mortadella-approx.-125g-9777083",
    "img": "https://productimages.coles.com.au/productimages/9/9777083.jpg",
    "price": 1.75,
    "quantity": 0.125,
    "unitPrice": 14
  },
  {
    "name": "Regular Mortadella",
    "url": "https://www.coles.com.au/product/bertocchi-regular-mortadella-approx.-100g-9777094",
    "img": "https://productimages.coles.com.au/productimages/9/9777094.jpg",
    "price": 1.4,
    "quantity": 0.1,
    "unitPrice": 14
  },
  {
    "name": "RSPCA Approved Chicken Schnitzel",
    "url": "https://www.coles.com.au/product/coles-deli-rspca-approved-chicken-schnitzel-250g-4144829",
    "img": "https://productimages.coles.com.au/productimages/4/4144829.jpg",
    "price": 3.5,
    "quantity": 0.25,
    "unitPrice": 14
  },
  {
    "name": "Deli Shredded Chicken Value Pack",
    "url": "https://www.coles.com.au/product/thomson's-deli-shredded-chicken-value-pack-500g-4653935",
    "img": "https://productimages.coles.com.au/productimages/4/4653935.jpg",
    "price": 7,
    "quantity": 0.5,
    "unitPrice": 14
  },
  {
    "name": "Olive Mortadella",
    "url": "https://www.coles.com.au/product/bertocchi-olive-mortadella-approx.-100g-9777050",
    "img": "https://productimages.coles.com.au/productimages/9/9777050.jpg",
    "price": 1.4,
    "quantity": 0.1,
    "unitPrice": 14
  },
  {
    "name": "Pepper Mortadella",
    "url": "https://www.coles.com.au/product/bertocchi-pepper-mortadella-approx.-125g-9777083",
    "img": "https://productimages.coles.com.au/productimages/9/9777083.jpg",
    "price": 1.75,
    "quantity": 0.125,
    "unitPrice": 14
  },
  {
    "name": "Regular Mortadella",
    "url": "https://www.coles.com.au/product/bertocchi-regular-mortadella-approx.-100g-9777094",
    "img": "https://productimages.coles.com.au/productimages/9/9777094.jpg",
    "price": 1.4,
    "quantity": 0.1,
    "unitPrice": 14
  },
  {
    "name": "Bake & Create Caramel Dulce De Leche",
    "url": "https://www.coles.com.au/product/coles-bake-&-create-caramel-dulce-de-leche-430g-3542724",
    "img": "https://productimages.coles.com.au/productimages/3/3542724.jpg",
    "price": 6,
    "quantity": 0.43,
    "unitPrice": 14
  },
  {
    "name": "Peanut Butter Brownie",
    "url": "https://www.coles.com.au/product/betty-crocker-peanut-butter-brownie-350g-6776608",
    "img": "https://productimages.coles.com.au/productimages/6/6776608.jpg",
    "price": 4.9,
    "quantity": 0.35,
    "unitPrice": 14
  },
  {
    "name": "Blueberry Muffin Mix",
    "url": "https://www.coles.com.au/product/betty-crocker-blueberry-muffin-mix-500g-9491273",
    "img": "https://productimages.coles.com.au/productimages/9/9491273.jpg",
    "price": 7,
    "quantity": 0.5,
    "unitPrice": 14
  },
  {
    "name": "Australian Pitted Prunes",
    "url": "https://www.coles.com.au/product/angas-park-australian-pitted-prunes-1kg-9938604",
    "img": "https://productimages.coles.com.au/productimages/9/9938604.jpg",
    "price": 14,
    "quantity": 1,
    "unitPrice": 14
  },
  {
    "name": "Bake & Create Caramel Dulce De Leche",
    "url": "https://www.coles.com.au/product/coles-bake-&-create-caramel-dulce-de-leche-430g-3542724",
    "img": "https://productimages.coles.com.au/productimages/3/3542724.jpg",
    "price": 6,
    "quantity": 0.43,
    "unitPrice": 14
  },
  {
    "name": "Peanut Butter Brownie",
    "url": "https://www.coles.com.au/product/betty-crocker-peanut-butter-brownie-350g-6776608",
    "img": "https://productimages.coles.com.au/productimages/6/6776608.jpg",
    "price": 4.9,
    "quantity": 0.35,
    "unitPrice": 14
  },
  {
    "name": "Blueberry Muffin Mix",
    "url": "https://www.coles.com.au/product/betty-crocker-blueberry-muffin-mix-500g-9491273",
    "img": "https://productimages.coles.com.au/productimages/9/9491273.jpg",
    "price": 7,
    "quantity": 0.5,
    "unitPrice": 14
  },
  {
    "name": "Australian Pitted Prunes",
    "url": "https://www.coles.com.au/product/angas-park-australian-pitted-prunes-1kg-9938604",
    "img": "https://productimages.coles.com.au/productimages/9/9938604.jpg",
    "price": 14,
    "quantity": 1,
    "unitPrice": 14
  },
  {
    "name": "Plus Iron Breakfast Cereal",
    "url": "https://www.coles.com.au/product/uncle-tobys-plus-iron-breakfast-cereal-630g-7019619",
    "img": "https://productimages.coles.com.au/productimages/7/7019619.jpg",
    "price": 8.8,
    "quantity": 0.63,
    "unitPrice": 14
  },
  {
    "name": "Oats Quick Sachets Breakfast Cereal Original",
    "url": "https://www.coles.com.au/product/uncle-tobys-oats-quick-sachets-breakfast-cereal-original-680g-3993177",
    "img": "https://productimages.coles.com.au/productimages/3/3993177.jpg",
    "price": 9.5,
    "quantity": 0.68,
    "unitPrice": 14
  },
  {
    "name": "Wheat Free Muesli Fruit & Nuts",
    "url": "https://www.coles.com.au/product/red-tractor-wheat-free-muesli-fruit-&-nuts-500g-5297075",
    "img": "https://productimages.coles.com.au/productimages/5/5297075.jpg",
    "price": 7,
    "quantity": 0.5,
    "unitPrice": 14
  },
  {
    "name": "Wheat Free Muesli Nuts & Seeds",
    "url": "https://www.coles.com.au/product/red-tractor-wheat-free-muesli-nuts-&-seeds-500g-5297086",
    "img": "https://productimages.coles.com.au/productimages/5/5297086.jpg",
    "price": 7,
    "quantity": 0.5,
    "unitPrice": 14
  },
  {
    "name": "Organic Brown Rice",
    "url": "https://www.coles.com.au/product/sunrice-organic-brown-rice-250g-1382536",
    "img": "https://productimages.coles.com.au/productimages/1/1382536.jpg",
    "price": 3.5,
    "quantity": 0.25,
    "unitPrice": 14
  },
  {
    "name": "Gluten Free Rice & Quinoa Microwave Cups 2 Pack",
    "url": "https://www.coles.com.au/product/sunrice-gluten-free-rice-&-quinoa-microwave-cups-2-pack-250g-2017795",
    "img": "https://productimages.coles.com.au/productimages/2/2017795.jpg",
    "price": 3.5,
    "quantity": 0.25,
    "unitPrice": 14
  },
  {
    "name": "Brown Medium Grain Rice",
    "url": "https://www.coles.com.au/product/sunrice-brown-medium-grain-rice-250g-4854370",
    "img": "https://productimages.coles.com.au/productimages/4/4854370.jpg",
    "price": 3.5,
    "quantity": 0.25,
    "unitPrice": 14
  },
  {
    "name": "Malaysian Curry Laksa Kit",
    "url": "https://www.coles.com.au/product/mr-chen's-malaysian-curry-laksa-kit-605g-3740580",
    "img": "https://productimages.coles.com.au/productimages/3/3740580.jpg",
    "price": 8.5,
    "quantity": 0.605,
    "unitPrice": 14
  },
  {
    "name": "Cream Cheese Spread Bold",
    "url": "https://www.coles.com.au/product/bega-cream-cheese-spread-bold-500g-1744692",
    "img": "https://productimages.coles.com.au/productimages/1/1744692.jpg",
    "price": 7,
    "quantity": 0.5,
    "unitPrice": 14
  },
  {
    "name": "Cream Cheese Spread Original",
    "url": "https://www.coles.com.au/product/bega-cream-cheese-spread-original-500g-1744739",
    "img": "https://productimages.coles.com.au/productimages/1/1744739.jpg",
    "price": 7,
    "quantity": 0.5,
    "unitPrice": 14
  },
  {
    "name": "Classic Olive Oil",
    "url": "https://www.coles.com.au/product/coles-classic-olive-oil-500ml-5295524",
    "img": "https://productimages.coles.com.au/productimages/5/5295524.jpg",
    "price": 7,
    "quantity": 0.5,
    "unitPrice": 14
  },
  {
    "name": "Extra Mild Olive Oil",
    "url": "https://www.coles.com.au/product/coles-extra-mild-olive-oil-500ml-5295546",
    "img": "https://productimages.coles.com.au/productimages/5/5295546.jpg",
    "price": 7,
    "quantity": 0.5,
    "unitPrice": 14
  },
  {
    "name": "Extra Virgin Olive Oil",
    "url": "https://www.coles.com.au/product/coles-extra-virgin-olive-oil-500ml-5449504",
    "img": "https://productimages.coles.com.au/productimages/5/5449504.jpg",
    "price": 7,
    "quantity": 0.5,
    "unitPrice": 14
  },
  {
    "name": "Olive Oil Light",
    "url": "https://www.coles.com.au/product/la-espanola-olive-oil-light-500ml-5833477",
    "img": "https://productimages.coles.com.au/productimages/5/5833477.jpg",
    "price": 7,
    "quantity": 0.5,
    "unitPrice": 14
  },
  {
    "name": "Extra Virgin Olive Oil",
    "url": "https://www.coles.com.au/product/la-espanola-extra-virgin-olive-oil-500ml-5833943",
    "img": "https://productimages.coles.com.au/productimages/5/5833943.jpg",
    "price": 7,
    "quantity": 0.5,
    "unitPrice": 14
  },
  {
    "name": "All Rounder Australian Extra Virgin Olive Oil",
    "url": "https://www.coles.com.au/product/squeaky-gate-all-rounder-australian-extra-virgin-olive-oil-3l-3192393",
    "img": "https://productimages.coles.com.au/productimages/3/3192393.jpg",
    "price": 42,
    "quantity": 3,
    "unitPrice": 14
  },
  {
    "name": "Organic Brown Rice",
    "url": "https://www.coles.com.au/product/sunrice-organic-brown-rice-250g-1382536",
    "img": "https://productimages.coles.com.au/productimages/1/1382536.jpg",
    "price": 3.5,
    "quantity": 0.25,
    "unitPrice": 14
  },
  {
    "name": "Gluten Free Rice & Quinoa Microwave Cups 2 Pack",
    "url": "https://www.coles.com.au/product/sunrice-gluten-free-rice-&-quinoa-microwave-cups-2-pack-250g-2017795",
    "img": "https://productimages.coles.com.au/productimages/2/2017795.jpg",
    "price": 3.5,
    "quantity": 0.25,
    "unitPrice": 14
  },
  {
    "name": "Egg Pappardelle Classica Italian Pasta No.123",
    "url": "https://www.coles.com.au/product/cucina-matese-egg-pappardelle-classica-italian-pasta-no.123-250g-3380382",
    "img": "https://productimages.coles.com.au/productimages/3/3380382.jpg",
    "price": 3.5,
    "quantity": 0.25,
    "unitPrice": 14
  },
  {
    "name": "Brown Medium Grain Rice",
    "url": "https://www.coles.com.au/product/sunrice-brown-medium-grain-rice-250g-4854370",
    "img": "https://productimages.coles.com.au/productimages/4/4854370.jpg",
    "price": 3.5,
    "quantity": 0.25,
    "unitPrice": 14
  },
  {
    "name": "Jasmine Microwavable Rice",
    "url": "https://www.coles.com.au/product/sunrice-jasmine-microwavable-rice-250g-4854380",
    "img": "https://productimages.coles.com.au/productimages/4/4854380.jpg",
    "price": 3.5,
    "quantity": 0.25,
    "unitPrice": 14
  },
  {
    "name": "Long Grain White Microwavable Rice",
    "url": "https://www.coles.com.au/product/sunrice-long-grain-white-microwavable-rice-250g-4854391",
    "img": "https://productimages.coles.com.au/productimages/4/4854391.jpg",
    "price": 3.5,
    "quantity": 0.25,
    "unitPrice": 14
  },
  {
    "name": "Steamed Basmati Brown Rice",
    "url": "https://www.coles.com.au/product/tilda-steamed-basmati-brown-rice-250g-5208086",
    "img": "https://productimages.coles.com.au/productimages/5/5208086.jpg",
    "price": 3.5,
    "quantity": 0.25,
    "unitPrice": 14
  },
  {
    "name": "90 secs Steamed Basmati Rice",
    "url": "https://www.coles.com.au/product/sunrice-90-secs-steamed-basmati-rice-250g-5874860",
    "img": "https://productimages.coles.com.au/productimages/5/5874860.jpg",
    "price": 3.5,
    "quantity": 0.25,
    "unitPrice": 14
  },
  {
    "name": "Steamed Coconut Chilli & Lemongrass Rice",
    "url": "https://www.coles.com.au/product/tilda-steamed-coconut-chilli-&-lemongrass-rice-250g-5903255",
    "img": "https://productimages.coles.com.au/productimages/5/5903255.jpg",
    "price": 3.5,
    "quantity": 0.25,
    "unitPrice": 14
  },
  {
    "name": "Red Rice Pouch",
    "url": "https://www.coles.com.au/product/sunrice-red-rice-pouch-250g-6276671",
    "img": "https://productimages.coles.com.au/productimages/6/6276671.jpg",
    "price": 3.5,
    "quantity": 0.25,
    "unitPrice": 14
  },
  {
    "name": "Long Grain Brown Rice Cup 2 pack",
    "url": "https://www.coles.com.au/product/sunrice-long-grain-brown-rice-cup-2-pack-250g-7779805",
    "img": "https://productimages.coles.com.au/productimages/7/7779805.jpg",
    "price": 3.5,
    "quantity": 0.25,
    "unitPrice": 14
  },
  {
    "name": "Long Grain White Rice Cup 2 pack",
    "url": "https://www.coles.com.au/product/sunrice-long-grain-white-rice-cup-2-pack-250g-7779816",
    "img": "https://productimages.coles.com.au/productimages/7/7779816.jpg",
    "price": 3.5,
    "quantity": 0.25,
    "unitPrice": 14
  },
  {
    "name": "Organic Brown Rice",
    "url": "https://www.coles.com.au/product/sunrice-organic-brown-rice-250g-1382536",
    "img": "https://productimages.coles.com.au/productimages/1/1382536.jpg",
    "price": 3.5,
    "quantity": 0.25,
    "unitPrice": 14
  },
  {
    "name": "Gluten Free Rice & Quinoa Microwave Cups 2 Pack",
    "url": "https://www.coles.com.au/product/sunrice-gluten-free-rice-&-quinoa-microwave-cups-2-pack-250g-2017795",
    "img": "https://productimages.coles.com.au/productimages/2/2017795.jpg",
    "price": 3.5,
    "quantity": 0.25,
    "unitPrice": 14
  },
  {
    "name": "Egg Pappardelle Classica Italian Pasta No.123",
    "url": "https://www.coles.com.au/product/cucina-matese-egg-pappardelle-classica-italian-pasta-no.123-250g-3380382",
    "img": "https://productimages.coles.com.au/productimages/3/3380382.jpg",
    "price": 3.5,
    "quantity": 0.25,
    "unitPrice": 14
  },
  {
    "name": "Brown Medium Grain Rice",
    "url": "https://www.coles.com.au/product/sunrice-brown-medium-grain-rice-250g-4854370",
    "img": "https://productimages.coles.com.au/productimages/4/4854370.jpg",
    "price": 3.5,
    "quantity": 0.25,
    "unitPrice": 14
  },
  {
    "name": "Jasmine Microwavable Rice",
    "url": "https://www.coles.com.au/product/sunrice-jasmine-microwavable-rice-250g-4854380",
    "img": "https://productimages.coles.com.au/productimages/4/4854380.jpg",
    "price": 3.5,
    "quantity": 0.25,
    "unitPrice": 14
  },
  {
    "name": "Long Grain White Microwavable Rice",
    "url": "https://www.coles.com.au/product/sunrice-long-grain-white-microwavable-rice-250g-4854391",
    "img": "https://productimages.coles.com.au/productimages/4/4854391.jpg",
    "price": 3.5,
    "quantity": 0.25,
    "unitPrice": 14
  },
  {
    "name": "Steamed Basmati Brown Rice",
    "url": "https://www.coles.com.au/product/tilda-steamed-basmati-brown-rice-250g-5208086",
    "img": "https://productimages.coles.com.au/productimages/5/5208086.jpg",
    "price": 3.5,
    "quantity": 0.25,
    "unitPrice": 14
  },
  {
    "name": "90 secs Steamed Basmati Rice",
    "url": "https://www.coles.com.au/product/sunrice-90-secs-steamed-basmati-rice-250g-5874860",
    "img": "https://productimages.coles.com.au/productimages/5/5874860.jpg",
    "price": 3.5,
    "quantity": 0.25,
    "unitPrice": 14
  },
  {
    "name": "Steamed Coconut Chilli & Lemongrass Rice",
    "url": "https://www.coles.com.au/product/tilda-steamed-coconut-chilli-&-lemongrass-rice-250g-5903255",
    "img": "https://productimages.coles.com.au/productimages/5/5903255.jpg",
    "price": 3.5,
    "quantity": 0.25,
    "unitPrice": 14
  },
  {
    "name": "Red Rice Pouch",
    "url": "https://www.coles.com.au/product/sunrice-red-rice-pouch-250g-6276671",
    "img": "https://productimages.coles.com.au/productimages/6/6276671.jpg",
    "price": 3.5,
    "quantity": 0.25,
    "unitPrice": 14
  },
  {
    "name": "Long Grain Brown Rice Cup 2 pack",
    "url": "https://www.coles.com.au/product/sunrice-long-grain-brown-rice-cup-2-pack-250g-7779805",
    "img": "https://productimages.coles.com.au/productimages/7/7779805.jpg",
    "price": 3.5,
    "quantity": 0.25,
    "unitPrice": 14
  },
  {
    "name": "Long Grain White Rice Cup 2 pack",
    "url": "https://www.coles.com.au/product/sunrice-long-grain-white-rice-cup-2-pack-250g-7779816",
    "img": "https://productimages.coles.com.au/productimages/7/7779816.jpg",
    "price": 3.5,
    "quantity": 0.25,
    "unitPrice": 14
  },
  {
    "name": "Spicy Red Sauce Hot Sauce",
    "url": "https://www.coles.com.au/product/fountain-spicy-red-sauce-hot-sauce-250ml-128445",
    "img": "https://productimages.coles.com.au/productimages/1/128445.jpg",
    "price": 3.5,
    "quantity": 0.25,
    "unitPrice": 14
  },
  {
    "name": "Squeeze Aioli Chipotle",
    "url": "https://www.coles.com.au/product/praise-squeeze-aioli-chipotle-250ml-1423236",
    "img": "https://productimages.coles.com.au/productimages/1/1423236.jpg",
    "price": 3.5,
    "quantity": 0.25,
    "unitPrice": 14
  },
  {
    "name": "Chocolate Fudge Topping",
    "url": "https://www.coles.com.au/product/coles-chocolate-fudge-topping-250ml-1979619",
    "img": "https://productimages.coles.com.au/productimages/1/1979619.jpg",
    "price": 3.5,
    "quantity": 0.25,
    "unitPrice": 14
  },
  {
    "name": "Salted Caramel Topping",
    "url": "https://www.coles.com.au/product/coles-salted-caramel-topping-250ml-1979641",
    "img": "https://productimages.coles.com.au/productimages/1/1979641.jpg",
    "price": 3.5,
    "quantity": 0.25,
    "unitPrice": 14
  },
  {
    "name": "Mint Sauce For Roast Meat",
    "url": "https://www.coles.com.au/product/fountain-mint-sauce-for-roast-meat-250ml-5377389",
    "img": "https://productimages.coles.com.au/productimages/5/5377389.jpg",
    "price": 3.5,
    "quantity": 0.25,
    "unitPrice": 14
  },
  {
    "name": "Thick Mint Sauce For Roast",
    "url": "https://www.coles.com.au/product/fountain-thick-mint-sauce-for-roast-250ml-5382152",
    "img": "https://productimages.coles.com.au/productimages/5/5382152.jpg",
    "price": 3.5,
    "quantity": 0.25,
    "unitPrice": 14
  },
  {
    "name": "Semi Dried Tomato Julienne Strips",
    "url": "https://www.coles.com.au/product/sandhurst-semi-dried-tomato-julienne-strips-500g-4185826",
    "img": "https://productimages.coles.com.au/productimages/4/4185826.jpg",
    "price": 7,
    "quantity": 0.5,
    "unitPrice": 14
  },
  {
    "name": "Spicy Red Sauce Hot Sauce",
    "url": "https://www.coles.com.au/product/fountain-spicy-red-sauce-hot-sauce-250ml-128445",
    "img": "https://productimages.coles.com.au/productimages/1/128445.jpg",
    "price": 3.5,
    "quantity": 0.25,
    "unitPrice": 14
  },
  {
    "name": "Hot Chilli Sauce Hot Sauce",
    "url": "https://www.coles.com.au/product/fountain-hot-chilli-sauce-hot-sauce-250ml-5377367",
    "img": "https://productimages.coles.com.au/productimages/5/5377367.jpg",
    "price": 3.5,
    "quantity": 0.25,
    "unitPrice": 14
  },
  {
    "name": "Soy Sauce Asian Sauces Stir fry",
    "url": "https://www.coles.com.au/product/fountain-soy-sauce-asian-sauces-stir-fry-250ml-5377390",
    "img": "https://productimages.coles.com.au/productimages/5/5377390.jpg",
    "price": 3.5,
    "quantity": 0.25,
    "unitPrice": 14
  },
  {
    "name": "Hot Chilli Sauce",
    "url": "https://www.coles.com.au/product/masterfoods-hot-chilli-sauce-250ml-8830657",
    "img": "https://productimages.coles.com.au/productimages/8/8830657.jpg",
    "price": 3.5,
    "quantity": 0.25,
    "unitPrice": 14
  },
  {
    "name": "Spicy Red Sauce Hot Sauce",
    "url": "https://www.coles.com.au/product/fountain-spicy-red-sauce-hot-sauce-250ml-128445",
    "img": "https://productimages.coles.com.au/productimages/1/128445.jpg",
    "price": 3.5,
    "quantity": 0.25,
    "unitPrice": 14
  },
  {
    "name": "Hot Chilli Sauce Hot Sauce",
    "url": "https://www.coles.com.au/product/fountain-hot-chilli-sauce-hot-sauce-250ml-5377367",
    "img": "https://productimages.coles.com.au/productimages/5/5377367.jpg",
    "price": 3.5,
    "quantity": 0.25,
    "unitPrice": 14
  },
  {
    "name": "Soy Sauce Asian Sauces Stir fry",
    "url": "https://www.coles.com.au/product/fountain-soy-sauce-asian-sauces-stir-fry-250ml-5377390",
    "img": "https://productimages.coles.com.au/productimages/5/5377390.jpg",
    "price": 3.5,
    "quantity": 0.25,
    "unitPrice": 14
  },
  {
    "name": "Hot Chilli Sauce",
    "url": "https://www.coles.com.au/product/masterfoods-hot-chilli-sauce-250ml-8830657",
    "img": "https://productimages.coles.com.au/productimages/8/8830657.jpg",
    "price": 3.5,
    "quantity": 0.25,
    "unitPrice": 14
  },
  {
    "name": "Frozen Steam Fresh Plus Pearl CousCous With Chick Peas 2 pack",
    "url": "https://www.coles.com.au/product/birds-eye-frozen-steam-fresh-plus-pearl-couscous-with-chick-peas-2-pack-400g-2257278",
    "img": "https://productimages.coles.com.au/productimages/2/2257278.jpg",
    "price": 5.6,
    "quantity": 0.4,
    "unitPrice": 14
  },
  {
    "name": "Deli Grilled Vegetables",
    "url": "https://www.coles.com.au/product/birds-eye-deli-grilled-vegetables-400g-3757560",
    "img": "https://productimages.coles.com.au/productimages/3/3757560.jpg",
    "price": 5.6,
    "quantity": 0.4,
    "unitPrice": 14
  },
  {
    "name": "Chupa Chups Mixed Mini Sticks",
    "url": "https://www.coles.com.au/product/bulla-chupa-chups-mixed-mini-sticks-400ml-5488084",
    "img": "https://productimages.coles.com.au/productimages/5/5488084.jpg",
    "price": 5.6,
    "quantity": 0.4,
    "unitPrice": 14
  },
  {
    "name": "Frozen Fruit Raspberries",
    "url": "https://www.coles.com.au/product/coles-frozen-fruit-raspberries-500g-6109975",
    "img": "https://productimages.coles.com.au/productimages/6/6109975.jpg",
    "price": 7,
    "quantity": 0.5,
    "unitPrice": 14
  },
  {
    "name": "The Finest Frozen Squid Tubes",
    "url": "https://www.coles.com.au/product/i&j-the-finest-frozen-squid-tubes-1kg-3580202",
    "img": "https://productimages.coles.com.au/productimages/3/3580202.jpg",
    "price": 14,
    "quantity": 1,
    "unitPrice": 14
  },
  {
    "name": "Original Crumb Fish Fillets",
    "url": "https://www.coles.com.au/product/i&j-original-crumb-fish-fillets-1kg-3868776",
    "img": "https://productimages.coles.com.au/productimages/3/3868776.jpg",
    "price": 14,
    "quantity": 1,
    "unitPrice": 14
  },
  {
    "name": "Lemon Crumb Fish Fillets",
    "url": "https://www.coles.com.au/product/i&j-lemon-crumb-fish-fillets-1kg-3868798",
    "img": "https://productimages.coles.com.au/productimages/3/3868798.jpg",
    "price": 14,
    "quantity": 1,
    "unitPrice": 14
  },
  {
    "name": "Take-Out Louisiana Chicken Portions",
    "url": "https://www.coles.com.au/product/tegels-take-out-louisiana-chicken-portions-1kg-5989862",
    "img": "https://productimages.coles.com.au/productimages/5/5989862.jpg",
    "price": 14,
    "quantity": 1,
    "unitPrice": 14
  },
  {
    "name": "Take Out Nashville Chicken Portions",
    "url": "https://www.coles.com.au/product/tegels-take-out-nashville-chicken-portions-1kg-5989873",
    "img": "https://productimages.coles.com.au/productimages/5/5989873.jpg",
    "price": 14,
    "quantity": 1,
    "unitPrice": 14
  },
  {
    "name": "Chicken Rings Crumbed",
    "url": "https://www.coles.com.au/product/steggles-chicken-rings-crumbed-900g-5357031",
    "img": "https://productimages.coles.com.au/productimages/5/5357031.jpg",
    "price": 12.6,
    "quantity": 0.9,
    "unitPrice": 14
  },
  {
    "name": "RSPCA Approved Chicken Schnitzel",
    "url": "https://www.coles.com.au/product/coles-deli-rspca-approved-chicken-schnitzel-250g-4144829",
    "img": "https://productimages.coles.com.au/productimages/4/4144829.jpg",
    "price": 3.5,
    "quantity": 0.25,
    "unitPrice": 14
  },
  {
    "name": "Free Range Pork Mince",
    "url": "https://www.coles.com.au/product/coles-free-range-pork-mince-500g-2741554",
    "img": "https://productimages.coles.com.au/productimages/2/2741554.jpg",
    "price": 7,
    "quantity": 0.5,
    "unitPrice": 14
  },
  {
    "name": "3 Star Lamb Mince",
    "url": "https://www.coles.com.au/product/coles-3-star-lamb-mince-500g-8850461",
    "img": "https://productimages.coles.com.au/productimages/8/8850461.jpg",
    "price": 7,
    "quantity": 0.5,
    "unitPrice": 14
  },
  {
    "name": "RSPCA Approved Chicken Boneless Roast With Apricot & Herb Stuffing",
    "url": "https://www.coles.com.au/product/coles-rspca-approved-chicken-boneless-roast-with-apricot-&-herb-stuffing-1kg-1165866",
    "img": "https://productimages.coles.com.au/productimages/1/1165866.jpg",
    "price": 14,
    "quantity": 1,
    "unitPrice": 14
  },
  {
    "name": "Lean Salt Reduced Beef Corned Silverside",
    "url": "https://www.coles.com.au/product/coles-lean-salt-reduced-beef-corned-silverside-approx.-1kg-1176308",
    "img": "https://productimages.coles.com.au/productimages/1/1176308.jpg",
    "price": 14,
    "quantity": 1,
    "unitPrice": 14
  },
  {
    "name": "RSPCA Approved Chicken Breast Fillets Small Pack",
    "url": "https://www.coles.com.au/product/coles-rspca-approved-chicken-breast-fillets-small-pack-approx.-600g-2263168",
    "img": "https://productimages.coles.com.au/productimages/2/2263168.jpg",
    "price": 8.4,
    "quantity": 0.6,
    "unitPrice": 14
  },
  {
    "name": "Smoked Meaty Pork Leg Hock",
    "url": "https://www.coles.com.au/product/coles-smoked-meaty-pork-leg-hock-approx.-1kg-each-3472389",
    "img": "https://productimages.coles.com.au/productimages/3/3472389.jpg",
    "price": 14,
    "quantity": 1,
    "unitPrice": 14
  },
  {
    "name": "Kangaroo Mince",
    "url": "https://www.coles.com.au/product/k-roo-kangaroo-mince-1kg-9007723",
    "img": "https://productimages.coles.com.au/productimages/9/9007723.jpg",
    "price": 14,
    "quantity": 1,
    "unitPrice": 14
  },
  {
    "name": "Lamb Shoulder Roast On The Bone",
    "url": "https://www.coles.com.au/product/coles-lamb-shoulder-roast-on-the-bone-approx.-2.2kg-9154794",
    "img": "https://productimages.coles.com.au/productimages/9/9154794.jpg",
    "price": 30.8,
    "quantity": 2.2,
    "unitPrice": 14
  },
  {
    "name": "Pork Belly Roast Boneless",
    "url": "https://www.coles.com.au/product/coles-pork-belly-roast-boneless-approx.-1.3kg-2839579",
    "img": "https://productimages.coles.com.au/productimages/2/2839579.jpg",
    "price": 18.2,
    "quantity": 1.3,
    "unitPrice": 14
  },
  {
    "name": "Jase's Kitchen Crumbed Zucchini Wedges",
    "url": "https://www.woolworths.com.au/shop/productdetails/387239",
    "img": "https://cdn0.woolworths.media/content/wowproductimages/medium/387239.jpg",
    "price": 7,
    "quantity": 0.5,
    "unitPrice": 14
  },
  {
    "name": "Western Star Original Spreadable",
    "url": "https://www.woolworths.com.au/shop/productdetails/69756",
    "img": "https://cdn0.woolworths.media/content/wowproductimages/medium/069756.jpg",
    "price": 7,
    "quantity": 0.5,
    "unitPrice": 14
  },
  {
    "name": "Western Star Supersoft Spreadable",
    "url": "https://www.woolworths.com.au/shop/productdetails/199420",
    "img": "https://cdn0.woolworths.media/content/wowproductimages/medium/199420.jpg",
    "price": 7,
    "quantity": 0.5,
    "unitPrice": 14
  },
  {
    "name": "Western Star Soft 'n' Less Salt Spreadable",
    "url": "https://www.woolworths.com.au/shop/productdetails/69759",
    "img": "https://cdn0.woolworths.media/content/wowproductimages/medium/069759.jpg",
    "price": 7,
    "quantity": 0.5,
    "unitPrice": 14
  },
  {
    "name": "Strawberry Premium Strawberries Punnet",
    "url": "https://www.woolworths.com.au/shop/productdetails/659179",
    "img": "https://cdn0.woolworths.media/content/wowproductimages/medium/659179.jpg",
    "price": 4.9,
    "quantity": 0.35,
    "unitPrice": 14
  },
  {
    "name": "Woolworths Extra Virgin Olive Oil",
    "url": "https://www.woolworths.com.au/shop/productdetails/248084",
    "img": "https://cdn0.woolworths.media/content/wowproductimages/medium/248084.jpg",
    "price": 7,
    "quantity": 0.5,
    "unitPrice": 14
  },
  {
    "name": "Woolworths Spanish Extra Virgin Olive Oil",
    "url": "https://www.woolworths.com.au/shop/productdetails/698956",
    "img": "https://cdn0.woolworths.media/content/wowproductimages/medium/698956.jpg",
    "price": 7,
    "quantity": 0.5,
    "unitPrice": 14
  },
  {
    "name": "Marinara Mix Thawed Marinara Mix",
    "url": "https://www.woolworths.com.au/shop/productdetails/593307",
    "img": "https://cdn0.woolworths.media/content/wowproductimages/medium/593307.jpg",
    "price": 14,
    "quantity": 1,
    "unitPrice": 14
  },
  {
    "name": "Thawed Marinara Mix Bag And Bake Teriyaki Ginger",
    "url": "https://www.woolworths.com.au/shop/productdetails/859282",
    "img": "https://cdn0.woolworths.media/content/wowproductimages/medium/859282.jpg",
    "price": 14,
    "quantity": 1,
    "unitPrice": 14
  },
  {
    "name": "Woolworths Nile Perch Thawed Fillets",
    "url": "https://www.woolworths.com.au/shop/productdetails/91886",
    "img": "https://cdn0.woolworths.media/content/wowproductimages/medium/091886.jpg",
    "price": 14,
    "quantity": 1,
    "unitPrice": 14
  },
  {
    "name": "Woolworths Smoked Fillets Cod",
    "url": "https://www.woolworths.com.au/shop/productdetails/48888",
    "img": "https://cdn0.woolworths.media/content/wowproductimages/medium/048888.jpg",
    "price": 14,
    "quantity": 1,
    "unitPrice": 14
  },
  {
    "name": "Just Caught Cooked & Shelled Mussel Meat",
    "url": "https://www.woolworths.com.au/shop/productdetails/231378",
    "img": "https://cdn0.woolworths.media/content/wowproductimages/medium/231378.jpg",
    "price": 14,
    "quantity": 1,
    "unitPrice": 14
  },
  {
    "name": "Wonder Gluten Free Wholemeal Bread",
    "url": "https://www.woolworths.com.au/shop/productdetails/237031",
    "img": "https://cdn0.woolworths.media/content/wowproductimages/medium/237031.jpg",
    "price": 7,
    "quantity": 0.5,
    "unitPrice": 14
  },
  {
    "name": "Woolworths Truss Cocktail Tomato Punnet",
    "url": "https://www.woolworths.com.au/shop/productdetails/747009",
    "img": "https://cdn0.woolworths.media/content/wowproductimages/medium/747009.jpg",
    "price": 3.5,
    "quantity": 0.25,
    "unitPrice": 14
  },
  {
    "name": "Woolworths Cook Stir Fry Vegetable Super Foods",
    "url": "https://www.woolworths.com.au/shop/productdetails/443314",
    "img": "https://cdn0.woolworths.media/content/wowproductimages/medium/443314.jpg",
    "price": 3.5,
    "quantity": 0.25,
    "unitPrice": 14
  },
  {
    "name": "Tilda Microwave Steamed Pure Basmati Rice",
    "url": "https://www.woolworths.com.au/shop/productdetails/272188",
    "img": "https://cdn0.woolworths.media/content/wowproductimages/medium/272188.jpg",
    "price": 3.5,
    "quantity": 0.25,
    "unitPrice": 14
  },
  {
    "name": "Tilda Microwave Steamed Brown Basmati Rice",
    "url": "https://www.woolworths.com.au/shop/productdetails/271568",
    "img": "https://cdn0.woolworths.media/content/wowproductimages/medium/271568.jpg",
    "price": 3.5,
    "quantity": 0.25,
    "unitPrice": 14
  },
  {
    "name": "Tilda Microwave Coco Chilli & Lemongrass Rice",
    "url": "https://www.woolworths.com.au/shop/productdetails/271569",
    "img": "https://cdn0.woolworths.media/content/wowproductimages/medium/271569.jpg",
    "price": 3.5,
    "quantity": 0.25,
    "unitPrice": 14
  },
  {
    "name": "Tilda Indonesian Fried Rice",
    "url": "https://www.woolworths.com.au/shop/productdetails/253706",
    "img": "https://cdn0.woolworths.media/content/wowproductimages/medium/253706.jpg",
    "price": 3.5,
    "quantity": 0.25,
    "unitPrice": 14
  },
  {
    "name": "Sunrice Microwave Brown Rice & Quinoa Pouch",
    "url": "https://www.woolworths.com.au/shop/productdetails/765491",
    "img": "https://cdn0.woolworths.media/content/wowproductimages/medium/765491.jpg",
    "price": 3.5,
    "quantity": 0.25,
    "unitPrice": 14
  },
  {
    "name": "La Molisana Pastificio Extra Di Lusso Egg Fettuccine",
    "url": "https://www.woolworths.com.au/shop/productdetails/74783",
    "img": "https://cdn0.woolworths.media/content/wowproductimages/medium/074783.jpg",
    "price": 3.5,
    "quantity": 0.25,
    "unitPrice": 14
  },
  {
    "name": "Tilda Brown Basmati & Wild Rice Wholegrain Rice",
    "url": "https://www.woolworths.com.au/shop/productdetails/576706",
    "img": "https://cdn0.woolworths.media/content/wowproductimages/medium/576706.jpg",
    "price": 3.5,
    "quantity": 0.25,
    "unitPrice": 14
  },
  {
    "name": "Tilda Masala Basmati Rice Medium",
    "url": "https://www.woolworths.com.au/shop/productdetails/221403",
    "img": "https://cdn0.woolworths.media/content/wowproductimages/medium/221403.jpg",
    "price": 3.5,
    "quantity": 0.25,
    "unitPrice": 14
  },
  {
    "name": "Sunrice Microwave Organic Brown Rice Pouch",
    "url": "https://www.woolworths.com.au/shop/productdetails/765407",
    "img": "https://cdn0.woolworths.media/content/wowproductimages/medium/765407.jpg",
    "price": 3.5,
    "quantity": 0.25,
    "unitPrice": 14
  },
  {
    "name": "La Molisana Extra Di Lusso Egg Pappardelle",
    "url": "https://www.woolworths.com.au/shop/productdetails/123905",
    "img": "https://cdn0.woolworths.media/content/wowproductimages/medium/123905.jpg",
    "price": 3.5,
    "quantity": 0.25,
    "unitPrice": 14
  },
  {
    "name": "Tilda Heat & Serve Brown Basmati Rice & Quinoa",
    "url": "https://www.woolworths.com.au/shop/productdetails/792476",
    "img": "https://cdn0.woolworths.media/content/wowproductimages/medium/792476.jpg",
    "price": 3.5,
    "quantity": 0.25,
    "unitPrice": 14
  },
  {
    "name": "La Molisana Pastifico Extra Di Lusso Egg Lasagne",
    "url": "https://www.woolworths.com.au/shop/productdetails/74801",
    "img": "https://cdn0.woolworths.media/content/wowproductimages/medium/074801.jpg",
    "price": 3.5,
    "quantity": 0.25,
    "unitPrice": 14
  },
  {
    "name": "Tilda Katsu Curry Express Rice",
    "url": "https://www.woolworths.com.au/shop/productdetails/221492",
    "img": "https://cdn0.woolworths.media/content/wowproductimages/medium/221492.jpg",
    "price": 3.5,
    "quantity": 0.25,
    "unitPrice": 14
  },
  {
    "name": "Macro Australian Whole Grain Freekeh",
    "url": "https://www.woolworths.com.au/shop/productdetails/698019",
    "img": "https://cdn0.woolworths.media/content/wowproductimages/medium/698019.jpg",
    "price": 7,
    "quantity": 0.5,
    "unitPrice": 14
  },
  {
    "name": "Virgen de la Esperanza Arroz Calasparra Spanish Calasparra Rice 500g",
    "url": "https://www.woolworths.com.au/shop/productdetails/1074415895",
    "img": "https://cdn0.woolworths.media/content/wowproductimages/medium/1074415895.jpg",
    "price": 7,
    "quantity": 0.5,
    "unitPrice": 14
  },
  {
    "name": "Virgen de la Esperanza Arroz Bomba Spanish Bomba Rice 5kg",
    "url": "https://www.woolworths.com.au/shop/productdetails/1074415897",
    "img": "https://cdn0.woolworths.media/content/wowproductimages/medium/1074415897.jpg",
    "price": 70,
    "quantity": 5,
    "unitPrice": 14
  },
  {
    "name": "D'orsogna Shortcut Bacon",
    "url": "https://www.woolworths.com.au/shop/productdetails/176564",
    "img": "https://cdn0.woolworths.media/content/wowproductimages/medium/176564.jpg",
    "price": 14,
    "quantity": 1,
    "unitPrice": 14
  },
  {
    "name": "Woolworths Lamb Forequarter Chops 4 - 6 Pieces",
    "url": "https://www.woolworths.com.au/shop/productdetails/765062",
    "img": "https://cdn0.woolworths.media/content/wowproductimages/medium/765062.jpg",
    "price": 18.2,
    "quantity": 1.3,
    "unitPrice": 14
  },
  {
    "name": "Woolworths Lamb Mince",
    "url": "https://www.woolworths.com.au/shop/productdetails/582607",
    "img": "https://cdn0.woolworths.media/content/wowproductimages/medium/582607.jpg",
    "price": 7,
    "quantity": 0.5,
    "unitPrice": 14
  },
  {
    "name": "Woolworths Pork Loin Roast Boneless Small",
    "url": "https://www.woolworths.com.au/shop/productdetails/764406",
    "img": "https://cdn0.woolworths.media/content/wowproductimages/medium/764406.jpg",
    "price": 28,
    "quantity": 2,
    "unitPrice": 14
  },
  {
    "name": "Woolworths Lamb Shoulder Roast",
    "url": "https://www.woolworths.com.au/shop/productdetails/727929",
    "img": "https://cdn0.woolworths.media/content/wowproductimages/medium/727929.jpg",
    "price": 23.8,
    "quantity": 1.7,
    "unitPrice": 14
  },
  {
    "name": "Ingham's Coating Mix Seasoning Chicken",
    "url": "https://www.woolworths.com.au/shop/productdetails/122188",
    "img": "https://cdn0.woolworths.media/content/wowproductimages/medium/122188.jpg",
    "price": 1.05,
    "quantity": 0.075,
    "unitPrice": 14
  },
  {
    "name": "Arnott's Shortbread Cream 50% Less Sugar Cream Biscuits",
    "url": "https://www.woolworths.com.au/shop/productdetails/232012",
    "img": "https://cdn0.woolworths.media/content/wowproductimages/medium/232012.jpg",
    "price": 3.5,
    "quantity": 0.25,
    "unitPrice": 14
  },
  {
    "name": "Nutella Hazelnut Chocolate Spread Spread",
    "url": "https://www.woolworths.com.au/shop/productdetails/147314",
    "img": "https://cdn0.woolworths.media/content/wowproductimages/medium/147314.jpg",
    "price": 10.5,
    "quantity": 0.75,
    "unitPrice": 14
  },
  {
    "name": "Uncle Tobys Oats Quick Sachets Family Pack Original Porridge",
    "url": "https://www.woolworths.com.au/shop/productdetails/149502",
    "img": "https://cdn0.woolworths.media/content/wowproductimages/medium/149502.jpg",
    "price": 9.5,
    "quantity": 0.68,
    "unitPrice": 14
  },
  {
    "name": "Uncle Tobys Plus Iron Cereal",
    "url": "https://www.woolworths.com.au/shop/productdetails/387015",
    "img": "https://cdn0.woolworths.media/content/wowproductimages/medium/387015.jpg",
    "price": 8.8,
    "quantity": 0.63,
    "unitPrice": 14
  },
  {
    "name": "Egmont Honey Pure Honey",
    "url": "https://www.woolworths.com.au/shop/productdetails/160946",
    "img": "https://cdn0.woolworths.media/content/wowproductimages/medium/160946.jpg",
    "price": 14,
    "quantity": 1,
    "unitPrice": 14
  },
  {
    "name": "Bega Cream Cheese Spread Spread",
    "url": "https://www.woolworths.com.au/shop/productdetails/781655",
    "img": "https://cdn0.woolworths.media/content/wowproductimages/medium/781655.jpg",
    "price": 7,
    "quantity": 0.5,
    "unitPrice": 14
  },
  {
    "name": "Bega Cream Cheese Spread Bold",
    "url": "https://www.woolworths.com.au/shop/productdetails/795867",
    "img": "https://cdn0.woolworths.media/content/wowproductimages/medium/795867.jpg",
    "price": 7,
    "quantity": 0.5,
    "unitPrice": 14
  },
  {
    "name": "Vegeta Chicken Stock Powder",
    "url": "https://www.woolworths.com.au/shop/productdetails/117241",
    "img": "https://cdn0.woolworths.media/content/wowproductimages/medium/117241.jpg",
    "price": 2.8,
    "quantity": 0.2,
    "unitPrice": 14
  },
  {
    "name": "Gravox Traditional Gravy Mix Traditional",
    "url": "https://www.woolworths.com.au/shop/productdetails/38723",
    "img": "https://cdn0.woolworths.media/content/wowproductimages/medium/038723.jpg",
    "price": 6,
    "quantity": 0.425,
    "unitPrice": 14
  },
  {
    "name": "Gravox Supreme Gravy Mix Mix Supreme",
    "url": "https://www.woolworths.com.au/shop/productdetails/38695",
    "img": "https://cdn0.woolworths.media/content/wowproductimages/medium/038695.jpg",
    "price": 6,
    "quantity": 0.425,
    "unitPrice": 14
  },
  {
    "name": "Campbell's Bone Broth Free Range Chicken",
    "url": "https://www.woolworths.com.au/shop/productdetails/820275",
    "img": "https://cdn0.woolworths.media/content/wowproductimages/medium/820275.jpg",
    "price": 7,
    "quantity": 0.5,
    "unitPrice": 14
  },
  {
    "name": "Don Antonio Pasta Sauce Sugo Al Basilico",
    "url": "https://www.woolworths.com.au/shop/productdetails/963209",
    "img": "https://cdn0.woolworths.media/content/wowproductimages/medium/963209.jpg",
    "price": 7,
    "quantity": 0.5,
    "unitPrice": 14
  },
  {
    "name": "Ingham's Coating Mix Seasoning Chicken",
    "url": "https://www.woolworths.com.au/shop/productdetails/122188",
    "img": "https://cdn0.woolworths.media/content/wowproductimages/medium/122188.jpg",
    "price": 1.05,
    "quantity": 0.075,
    "unitPrice": 14
  },
  {
    "name": "Campbell's Bone Broth Beef Beef",
    "url": "https://www.woolworths.com.au/shop/productdetails/820266",
    "img": "https://cdn0.woolworths.media/content/wowproductimages/medium/820266.jpg",
    "price": 7,
    "quantity": 0.5,
    "unitPrice": 14
  },
  {
    "name": "Don Antonio Traditional Sauce",
    "url": "https://www.woolworths.com.au/shop/productdetails/797010",
    "img": "https://cdn0.woolworths.media/content/wowproductimages/medium/797010.jpg",
    "price": 7,
    "quantity": 0.5,
    "unitPrice": 14
  },
  {
    "name": "Campbell's Bone Broth Turmeric & Ginger",
    "url": "https://www.woolworths.com.au/shop/productdetails/258250",
    "img": "https://cdn0.woolworths.media/content/wowproductimages/medium/258250.jpg",
    "price": 7,
    "quantity": 0.5,
    "unitPrice": 14
  },
  {
    "name": "Donna Hay Tangy Lemon Yoghurt Cake",
    "url": "https://www.woolworths.com.au/shop/productdetails/143976",
    "img": "https://cdn0.woolworths.media/content/wowproductimages/medium/143976.jpg",
    "price": 7,
    "quantity": 0.5,
    "unitPrice": 14
  },
  {
    "name": "Betty Crocker Blueberry Low Fat Muffin Mix Muffin Mix",
    "url": "https://www.woolworths.com.au/shop/productdetails/187781",
    "img": "https://cdn0.woolworths.media/content/wowproductimages/medium/187781.jpg",
    "price": 7,
    "quantity": 0.5,
    "unitPrice": 14
  },
  {
    "name": "Betty Crocker Cinnamon Crumble Muffin Mix Muffin Mix",
    "url": "https://www.woolworths.com.au/shop/productdetails/205497",
    "img": "https://cdn0.woolworths.media/content/wowproductimages/medium/205497.jpg",
    "price": 7,
    "quantity": 0.5,
    "unitPrice": 14
  },
  {
    "name": "Betty Crocker Triple Chocolate Brownie Mix Brownie Mix",
    "url": "https://www.woolworths.com.au/shop/productdetails/225676",
    "img": "https://cdn0.woolworths.media/content/wowproductimages/medium/225676.jpg",
    "price": 7,
    "quantity": 0.5,
    "unitPrice": 14
  },
  {
    "name": "Betty Crocker Apple & Cinnamon Low Fat Muffin Mix",
    "url": "https://www.woolworths.com.au/shop/productdetails/187786",
    "img": "https://cdn0.woolworths.media/content/wowproductimages/medium/187786.jpg",
    "price": 7,
    "quantity": 0.5,
    "unitPrice": 14
  },
  {
    "name": "Betty Crocker Triple Chocolate Muffin Mix Muffin Mix",
    "url": "https://www.woolworths.com.au/shop/productdetails/187790",
    "img": "https://cdn0.woolworths.media/content/wowproductimages/medium/187790.jpg",
    "price": 7,
    "quantity": 0.5,
    "unitPrice": 14
  },
  {
    "name": "Betty Crocker Frosted Chocolate Brownie Mix Frosted Chocolate",
    "url": "https://www.woolworths.com.au/shop/productdetails/307786",
    "img": "https://cdn0.woolworths.media/content/wowproductimages/medium/307786.jpg",
    "price": 7,
    "quantity": 0.5,
    "unitPrice": 14
  },
  {
    "name": "Angas Park Pitted Prunes Pitted",
    "url": "https://www.woolworths.com.au/shop/productdetails/369717",
    "img": "https://cdn0.woolworths.media/content/wowproductimages/medium/369717.jpg",
    "price": 14,
    "quantity": 1,
    "unitPrice": 14
  },
  {
    "name": "Fruit Mince",
    "url": "https://www.coles.com.au/product/robertsons-fruit-mince-410g-138234",
    "img": "https://productimages.coles.com.au/productimages/1/138234.jpg",
    "price": 5.75,
    "quantity": 0.41,
    "unitPrice": 14.02
  },
  {
    "name": "Fruit Mince",
    "url": "https://www.coles.com.au/product/robertsons-fruit-mince-410g-138234",
    "img": "https://productimages.coles.com.au/productimages/1/138234.jpg",
    "price": 5.75,
    "quantity": 0.41,
    "unitPrice": 14.02
  },
  {
    "name": "Kalamata Olives Pitted",
    "url": "https://www.coles.com.au/product/always-fresh-kalamata-olives-pitted-670g-5463232",
    "img": "https://productimages.coles.com.au/productimages/5/5463232.jpg",
    "price": 9.4,
    "quantity": 0.67,
    "unitPrice": 14.03
  },
  {
    "name": "Jalapeno Chillies",
    "url": "https://www.coles.com.au/product/sandhurst-jalapeno-chillies-270g-8346632",
    "img": "https://productimages.coles.com.au/productimages/8/8346632.jpg",
    "price": 3.8,
    "quantity": 0.27,
    "unitPrice": 14.07
  },
  {
    "name": "Urban Eats Spinach Pakora or Onion Bhaji",
    "url": "https://www.aldi.com.au/en/groceries/limited-time-only/limited-time-only-detail/ps/p/urban-eats-spinach-pakora-or-onion-bhaji-283g/",
    "img": "https://www.aldi.com.au/fileadmin/_processed_/2/3/csm_1000274-1_LTO_1x1__W32__228x128_2_RET_da79eb536e.png",
    "price": 3.99,
    "quantity": 0.283,
    "unitPrice": 14.1
  },
  {
    "name": "Urban Eats Spinach Pakora or Onion Bhaji",
    "url": "https://www.aldi.com.au/en/groceries/limited-time-only/limited-time-only-detail/ps/p/urban-eats-spinach-pakora-or-onion-bhaji-283g/",
    "img": "https://www.aldi.com.au/fileadmin/_processed_/2/3/csm_1000274-1_LTO_1x1__W32__228x128_2_RET_da79eb536e.png",
    "price": 3.99,
    "quantity": 0.283,
    "unitPrice": 14.1
  },
  {
    "name": "Brioche Hot Dog Roll 6 Pack",
    "url": "https://www.coles.com.au/product/coles-brioche-hot-dog-roll-6-pack-270g-3757120",
    "img": "https://productimages.coles.com.au/productimages/3/3757120.jpg",
    "price": 3.8,
    "quantity": 0.27,
    "unitPrice": 14.1
  },
  {
    "name": "Pasta Sauce Tomato Red Island Olive Oil",
    "url": "https://www.coles.com.au/product/leggos-pasta-sauce-tomato-red-island-olive-oil-390g-6364688",
    "img": "https://productimages.coles.com.au/productimages/6/6364688.jpg",
    "price": 5.5,
    "quantity": 0.39,
    "unitPrice": 14.1
  },
  {
    "name": "Pasta Sauce Tomato King Island Smoked Cheddar",
    "url": "https://www.coles.com.au/product/leggos-pasta-sauce-tomato-king-island-smoked-cheddar-390g-6364699",
    "img": "https://productimages.coles.com.au/productimages/6/6364699.jpg",
    "price": 5.5,
    "quantity": 0.39,
    "unitPrice": 14.1
  },
  {
    "name": "Pasta Sauce Tomato Pepperjack Shiraz",
    "url": "https://www.coles.com.au/product/leggos-pasta-sauce-tomato-pepperjack-shiraz-390g-6365308",
    "img": "https://productimages.coles.com.au/productimages/6/6365308.jpg",
    "price": 5.5,
    "quantity": 0.39,
    "unitPrice": 14.1
  },
  {
    "name": "Pasta Sauce Tomato Red Island Olive Oil",
    "url": "https://www.coles.com.au/product/leggos-pasta-sauce-tomato-red-island-olive-oil-390g-6364688",
    "img": "https://productimages.coles.com.au/productimages/6/6364688.jpg",
    "price": 5.5,
    "quantity": 0.39,
    "unitPrice": 14.1
  },
  {
    "name": "Pasta Sauce Tomato King Island Smoked Cheddar",
    "url": "https://www.coles.com.au/product/leggos-pasta-sauce-tomato-king-island-smoked-cheddar-390g-6364699",
    "img": "https://productimages.coles.com.au/productimages/6/6364699.jpg",
    "price": 5.5,
    "quantity": 0.39,
    "unitPrice": 14.1
  },
  {
    "name": "Pasta Sauce Tomato Pepperjack Shiraz",
    "url": "https://www.coles.com.au/product/leggos-pasta-sauce-tomato-pepperjack-shiraz-390g-6365308",
    "img": "https://productimages.coles.com.au/productimages/6/6365308.jpg",
    "price": 5.5,
    "quantity": 0.39,
    "unitPrice": 14.1
  },
  {
    "name": "Spinach And Cheese Spanakopita",
    "url": "https://www.coles.com.au/product/coles-spinach-and-cheese-spanakopita-800g-4314871",
    "img": "https://productimages.coles.com.au/productimages/4/4314871.jpg",
    "price": 11.25,
    "quantity": 0.8,
    "unitPrice": 14.1
  },
  {
    "name": "Kellogg's Crispix Honey Pillows Breakfast Cereal",
    "url": "https://www.woolworths.com.au/shop/productdetails/701717",
    "img": "https://cdn0.woolworths.media/content/wowproductimages/medium/701717.jpg",
    "price": 6.5,
    "quantity": 0.46,
    "unitPrice": 14.1
  },
  {
    "name": "Kellogg's Sustain Original Breakfast Cereal",
    "url": "https://www.woolworths.com.au/shop/productdetails/243805",
    "img": "https://cdn0.woolworths.media/content/wowproductimages/medium/243805.jpg",
    "price": 6.5,
    "quantity": 0.46,
    "unitPrice": 14.1
  },
  {
    "name": "Kellogg's Nutri Grain Protein Breakfast Cereal",
    "url": "https://www.woolworths.com.au/shop/productdetails/199725",
    "img": "https://cdn0.woolworths.media/content/wowproductimages/medium/199725.jpg",
    "price": 10.8,
    "quantity": 0.765,
    "unitPrice": 14.1
  },
  {
    "name": "Fix & Fogg Protein Peanut Butter",
    "url": "https://www.woolworths.com.au/shop/productdetails/322456",
    "img": "https://cdn0.woolworths.media/content/wowproductimages/medium/322456.jpg",
    "price": 9.9,
    "quantity": 0.7,
    "unitPrice": 14.1
  },
  {
    "name": "Leggo's Gourmet Pasta Sauce Tomato & Pepperjack Barossa Shiraz",
    "url": "https://www.woolworths.com.au/shop/productdetails/317353",
    "img": "https://cdn0.woolworths.media/content/wowproductimages/medium/317353.jpg",
    "price": 5.5,
    "quantity": 0.39,
    "unitPrice": 14.1
  },
  {
    "name": "Leggo's Gourmet Pasta Sauce Tomato & King Island Smoked Cheddar",
    "url": "https://www.woolworths.com.au/shop/productdetails/317354",
    "img": "https://cdn0.woolworths.media/content/wowproductimages/medium/317354.jpg",
    "price": 5.5,
    "quantity": 0.39,
    "unitPrice": 14.1
  },
  {
    "name": "Leggo's Gourmet Pasta Sauce Tomato & Red Island Ex Virgin Olive Oil",
    "url": "https://www.woolworths.com.au/shop/productdetails/317393",
    "img": "https://cdn0.woolworths.media/content/wowproductimages/medium/317393.jpg",
    "price": 5.5,
    "quantity": 0.39,
    "unitPrice": 14.1
  },
  {
    "name": "Betty Crocker Rainbow Cookie Mix Cookie Mix",
    "url": "https://www.woolworths.com.au/shop/productdetails/314544",
    "img": "https://cdn0.woolworths.media/content/wowproductimages/medium/314544.jpg",
    "price": 7,
    "quantity": 0.495,
    "unitPrice": 14.1
  },
  {
    "name": "Banana Mango Pineapple",
    "url": "https://www.coles.com.au/product/creative-gourmet-banana-mango-pineapple-400g-4868319",
    "img": "https://productimages.coles.com.au/productimages/4/4868319.jpg",
    "price": 5.65,
    "quantity": 0.4,
    "unitPrice": 14.13
  },
  {
    "name": "Woolworths Buttermilk Tennessee Style Chicken Wing Nibbles",
    "url": "https://www.woolworths.com.au/shop/productdetails/160852",
    "img": "https://cdn0.woolworths.media/content/wowproductimages/medium/160852.jpg",
    "price": 8.5,
    "quantity": 0.6,
    "unitPrice": 14.17
  },
  {
    "name": "Woolworths Hot & Spicy Chicken Wing Nibbles",
    "url": "https://www.woolworths.com.au/shop/productdetails/160853",
    "img": "https://cdn0.woolworths.media/content/wowproductimages/medium/160853.jpg",
    "price": 8.5,
    "quantity": 0.6,
    "unitPrice": 14.17
  },
  {
    "name": "Bertocchi Ham Leg Boneless",
    "url": "https://www.woolworths.com.au/shop/productdetails/359913",
    "img": "https://cdn0.woolworths.media/content/wowproductimages/medium/359913.jpg",
    "price": 25.5,
    "quantity": 1.8,
    "unitPrice": 14.17
  },
  {
    "name": "Chocolate Stampede Dairy Snack",
    "url": "https://www.aldi.com.au/en/groceries/fresh-produce/dairy-eggs/dairy-eggs-detail/ps/p/chocolate-stampede-dairy-snack-140g/",
    "img": "https://www.aldi.com.au/fileadmin/_processed_/7/c/csm_1000855_ALN-10_1x1_Q1_WEB-AUDIT_228x128_44_565cb72d82.jpg",
    "price": 1.99,
    "quantity": 0.14,
    "unitPrice": 14.2
  },
  {
    "name": "Salted Caramel Shortbread Mix",
    "url": "https://www.coles.com.au/product/betty-crocker-salted-caramel-shortbread-mix-345g-6064050",
    "img": "https://productimages.coles.com.au/productimages/6/6064050.jpg",
    "price": 4.9,
    "quantity": 0.345,
    "unitPrice": 14.2
  },
  {
    "name": "Gluten Free Chocolate Fudge Brownie Baking Mix",
    "url": "https://www.coles.com.au/product/betty-crocker-gluten-free-chocolate-fudge-brownie-baking-mix-450g-2255487",
    "img": "https://productimages.coles.com.au/productimages/2/2255487.jpg",
    "price": 6.4,
    "quantity": 0.45,
    "unitPrice": 14.2
  },
  {
    "name": "Salted Caramel Shortbread Mix",
    "url": "https://www.coles.com.au/product/betty-crocker-salted-caramel-shortbread-mix-345g-6064050",
    "img": "https://productimages.coles.com.au/productimages/6/6064050.jpg",
    "price": 4.9,
    "quantity": 0.345,
    "unitPrice": 14.2
  },
  {
    "name": "Gluten Free Chocolate Fudge Brownie Baking Mix",
    "url": "https://www.coles.com.au/product/betty-crocker-gluten-free-chocolate-fudge-brownie-baking-mix-450g-2255487",
    "img": "https://productimages.coles.com.au/productimages/2/2255487.jpg",
    "price": 6.4,
    "quantity": 0.45,
    "unitPrice": 14.2
  },
  {
    "name": "Classic Xo Cocoa Crunch Cereal",
    "url": "https://www.coles.com.au/product/freedom-classic-xo-cocoa-crunch-cereal-360g-5235442",
    "img": "https://productimages.coles.com.au/productimages/5/5235442.jpg",
    "price": 5.1,
    "quantity": 0.36,
    "unitPrice": 14.2
  },
  {
    "name": "Classic Honey-O Crunch Cereal",
    "url": "https://www.coles.com.au/product/freedom-classic-honey-o-crunch-cereal-360g-5235486",
    "img": "https://productimages.coles.com.au/productimages/5/5235486.jpg",
    "price": 5.1,
    "quantity": 0.36,
    "unitPrice": 14.2
  },
  {
    "name": "Milo Breakfast Cereal",
    "url": "https://www.coles.com.au/product/nestle-milo-breakfast-cereal-620g-7019324",
    "img": "https://productimages.coles.com.au/productimages/7/7019324.jpg",
    "price": 8.8,
    "quantity": 0.62,
    "unitPrice": 14.2
  },
  {
    "name": "Plus Protein Breakfast Cereal",
    "url": "https://www.coles.com.au/product/uncle-tobys-plus-protein-breakfast-cereal-620g-7019630",
    "img": "https://productimages.coles.com.au/productimages/7/7019630.jpg",
    "price": 8.8,
    "quantity": 0.62,
    "unitPrice": 14.2
  },
  {
    "name": "Whole Cranberry Sauce",
    "url": "https://www.coles.com.au/product/ocean-spray-whole-cranberry-sauce-275g-277627",
    "img": "https://productimages.coles.com.au/productimages/2/277627.jpg",
    "price": 3.9,
    "quantity": 0.275,
    "unitPrice": 14.2
  },
  {
    "name": "Jellied Cranberry Sauce",
    "url": "https://www.coles.com.au/product/ocean-spray-jellied-cranberry-sauce-275g-5965081",
    "img": "https://productimages.coles.com.au/productimages/5/5965081.jpg",
    "price": 3.9,
    "quantity": 0.275,
    "unitPrice": 14.2
  },
  {
    "name": "Samosa",
    "url": "https://www.coles.com.au/product/sabrini-samosa-1.125kg-3641090",
    "img": "https://productimages.coles.com.au/productimages/3/3641090.jpg",
    "price": 16,
    "quantity": 1.125,
    "unitPrice": 14.2
  },
  {
    "name": "Pasta Master Chicken & Bacon Bake Chilled Meal",
    "url": "https://www.woolworths.com.au/shop/productdetails/119829",
    "img": "https://cdn0.woolworths.media/content/wowproductimages/medium/119829.jpg",
    "price": 17,
    "quantity": 1.2,
    "unitPrice": 14.2
  },
  {
    "name": "Pasta Master Macaroni Meaty Mac & Cheese Chilled Meal",
    "url": "https://www.woolworths.com.au/shop/productdetails/180020",
    "img": "https://cdn0.woolworths.media/content/wowproductimages/medium/180020.jpg",
    "price": 17,
    "quantity": 1.2,
    "unitPrice": 14.2
  },
  {
    "name": "Nestle Milo Breakfast Cereal",
    "url": "https://www.woolworths.com.au/shop/productdetails/387352",
    "img": "https://cdn0.woolworths.media/content/wowproductimages/medium/387352.jpg",
    "price": 8.8,
    "quantity": 0.62,
    "unitPrice": 14.2
  },
  {
    "name": "Uncle Tobys Plus Protein Cereal",
    "url": "https://www.woolworths.com.au/shop/productdetails/387025",
    "img": "https://cdn0.woolworths.media/content/wowproductimages/medium/387025.jpg",
    "price": 8.8,
    "quantity": 0.62,
    "unitPrice": 14.2
  },
  {
    "name": "John West Chunky Style Tuna In Springwater",
    "url": "https://www.woolworths.com.au/shop/productdetails/340411",
    "img": "https://cdn0.woolworths.media/content/wowproductimages/medium/340411.jpg",
    "price": 1.35,
    "quantity": 0.095,
    "unitPrice": 14.21
  },
  {
    "name": "John West Tempters Tuna Lemon & Cracked Pepper",
    "url": "https://www.woolworths.com.au/shop/productdetails/27570",
    "img": "https://cdn0.woolworths.media/content/wowproductimages/medium/027570.jpg",
    "price": 1.35,
    "quantity": 0.095,
    "unitPrice": 14.21
  },
  {
    "name": "John West Tempters Tuna Chilli",
    "url": "https://www.woolworths.com.au/shop/productdetails/57053",
    "img": "https://cdn0.woolworths.media/content/wowproductimages/medium/057053.jpg",
    "price": 1.35,
    "quantity": 0.095,
    "unitPrice": 14.21
  },
  {
    "name": "John West Chunky Style Tuna In Olive Oil Blend",
    "url": "https://www.woolworths.com.au/shop/productdetails/257360",
    "img": "https://cdn0.woolworths.media/content/wowproductimages/medium/257360.jpg",
    "price": 1.35,
    "quantity": 0.095,
    "unitPrice": 14.21
  },
  {
    "name": "John West Tempters Tuna Onion & Tomato Savoury Sauce",
    "url": "https://www.woolworths.com.au/shop/productdetails/57070",
    "img": "https://cdn0.woolworths.media/content/wowproductimages/medium/057070.jpg",
    "price": 1.35,
    "quantity": 0.095,
    "unitPrice": 14.21
  },
  {
    "name": "John West Tempters Tuna Oven Dried Tomato Basil",
    "url": "https://www.woolworths.com.au/shop/productdetails/27574",
    "img": "https://cdn0.woolworths.media/content/wowproductimages/medium/027574.jpg",
    "price": 1.35,
    "quantity": 0.095,
    "unitPrice": 14.21
  },
  {
    "name": "John West Tuna Tempters Zesty Vinaigrette",
    "url": "https://www.woolworths.com.au/shop/productdetails/92589",
    "img": "https://cdn0.woolworths.media/content/wowproductimages/medium/092589.jpg",
    "price": 1.35,
    "quantity": 0.095,
    "unitPrice": 14.21
  },
  {
    "name": "John West Tuna Naturally Smoked",
    "url": "https://www.woolworths.com.au/shop/productdetails/211299",
    "img": "https://cdn0.woolworths.media/content/wowproductimages/medium/211299.jpg",
    "price": 1.35,
    "quantity": 0.095,
    "unitPrice": 14.21
  },
  {
    "name": "John West Tuna Sweet Corn & Mayonnaise",
    "url": "https://www.woolworths.com.au/shop/productdetails/310694",
    "img": "https://cdn0.woolworths.media/content/wowproductimages/medium/310694.jpg",
    "price": 1.35,
    "quantity": 0.095,
    "unitPrice": 14.21
  },
  {
    "name": "John West Tuna Tempters Sweet Chilli",
    "url": "https://www.woolworths.com.au/shop/productdetails/663986",
    "img": "https://cdn0.woolworths.media/content/wowproductimages/medium/663986.jpg",
    "price": 1.35,
    "quantity": 0.095,
    "unitPrice": 14.21
  },
  {
    "name": "John West Tempters Tuna Mild Indian Curry",
    "url": "https://www.woolworths.com.au/shop/productdetails/135984",
    "img": "https://cdn0.woolworths.media/content/wowproductimages/medium/135984.jpg",
    "price": 1.35,
    "quantity": 0.095,
    "unitPrice": 14.21
  },
  {
    "name": "John West Tuna Tempters Mango Chilli",
    "url": "https://www.woolworths.com.au/shop/productdetails/252264",
    "img": "https://cdn0.woolworths.media/content/wowproductimages/medium/252264.jpg",
    "price": 1.35,
    "quantity": 0.095,
    "unitPrice": 14.21
  },
  {
    "name": "John West Fiery Jalapeno Tuna",
    "url": "https://www.woolworths.com.au/shop/productdetails/429224",
    "img": "https://cdn0.woolworths.media/content/wowproductimages/medium/429224.jpg",
    "price": 1.35,
    "quantity": 0.095,
    "unitPrice": 14.21
  },
  {
    "name": "Strawberries Premium",
    "url": "https://www.coles.com.au/product/coles-strawberries-premium-350g-5707745",
    "img": "https://productimages.coles.com.au/productimages/5/5707745.jpg",
    "price": 5,
    "quantity": 0.35,
    "unitPrice": 14.29
  },
  {
    "name": "Strawberries Premium",
    "url": "https://www.coles.com.au/product/coles-strawberries-premium-350g-5707745",
    "img": "https://productimages.coles.com.au/productimages/5/5707745.jpg",
    "price": 5,
    "quantity": 0.35,
    "unitPrice": 14.29
  },
  {
    "name": "Cheese Shredded Tasty",
    "url": "https://www.coles.com.au/product/coles-cheese-shredded-tasty-700g-8145335",
    "img": "https://productimages.coles.com.au/productimages/8/8145335.jpg",
    "price": 10,
    "quantity": 0.7,
    "unitPrice": 14.29
  },
  {
    "name": "Cheese Shredded Tasty Light",
    "url": "https://www.coles.com.au/product/coles-cheese-shredded-tasty-light-700g-8145346",
    "img": "https://productimages.coles.com.au/productimages/8/8145346.jpg",
    "price": 10,
    "quantity": 0.7,
    "unitPrice": 14.29
  },
  {
    "name": "Sicilian Green Olives",
    "url": "https://www.coles.com.au/product/sandhurst-sicilian-green-olives-280g-7611046",
    "img": "https://productimages.coles.com.au/productimages/7/7611046.jpg",
    "price": 4,
    "quantity": 0.28,
    "unitPrice": 14.29
  },
  {
    "name": "Beef & Pork Meatballs Classic 28 Pack                                                                                           ",
    "url": "https://www.coles.com.au/product/coles-beef-&-pork-meatballs-classic-28-pack--------------------------------------------------------------------------------------------560g-3569447",
    "img": "https://productimages.coles.com.au/productimages/3/3569447.jpg",
    "price": 8,
    "quantity": 0.56,
    "unitPrice": 14.29
  },
  {
    "name": "Woolworths Carrot, Corn & Beans",
    "url": "https://www.woolworths.com.au/shop/productdetails/79928",
    "img": "https://cdn0.woolworths.media/content/wowproductimages/medium/079928.jpg",
    "price": 5,
    "quantity": 0.35,
    "unitPrice": 14.29
  },
  {
    "name": "No Sugar Added Yogurt Mixed Berry",
    "url": "https://www.coles.com.au/product/chobani-no-sugar-added-yogurt-mixed-berry-150g-5937585",
    "img": "https://productimages.coles.com.au/productimages/5/5937585.jpg",
    "price": 2.15,
    "quantity": 0.15,
    "unitPrice": 14.3
  },
  {
    "name": "No Sugar Added Yogurt Vanilla",
    "url": "https://www.coles.com.au/product/chobani-no-sugar-added-yogurt-vanilla-150g-5937600",
    "img": "https://productimages.coles.com.au/productimages/5/5937600.jpg",
    "price": 2.15,
    "quantity": 0.15,
    "unitPrice": 14.3
  },
  {
    "name": "No Sugar Added Yogurt Mango Passionfruit",
    "url": "https://www.coles.com.au/product/chobani-no-sugar-added-yogurt-mango-passionfruit-150g-5937610",
    "img": "https://productimages.coles.com.au/productimages/5/5937610.jpg",
    "price": 2.15,
    "quantity": 0.15,
    "unitPrice": 14.3
  },
  {
    "name": "Garlic And Herb Naan",
    "url": "https://www.coles.com.au/product/mission-garlic-and-herb-naan-210g-4395443",
    "img": "https://productimages.coles.com.au/productimages/4/4395443.jpg",
    "price": 3,
    "quantity": 0.21,
    "unitPrice": 14.3
  },
  {
    "name": "Mini Pizza Bases",
    "url": "https://www.coles.com.au/product/coles-mini-pizza-bases-280g-4402505",
    "img": "https://productimages.coles.com.au/productimages/4/4402505.jpg",
    "price": 4,
    "quantity": 0.28,
    "unitPrice": 14.3
  },
  {
    "name": "Power Mix Spread",
    "url": "https://www.coles.com.au/product/coles-power-mix-spread-280g-3051336",
    "img": "https://productimages.coles.com.au/productimages/3/3051336.jpg",
    "price": 4,
    "quantity": 0.28,
    "unitPrice": 14.3
  },
  {
    "name": "Pasta Sauce Rossoro Tomatoes & Genovese Basil",
    "url": "https://www.coles.com.au/product/mutti-pasta-sauce-rossoro-tomatoes-&-genovese-basil-400g-5306620",
    "img": "https://productimages.coles.com.au/productimages/5/5306620.jpg",
    "price": 5.7,
    "quantity": 0.4,
    "unitPrice": 14.3
  },
  {
    "name": "Pasta Sauce Rossoro Tomatoes & Grilled Vegetables",
    "url": "https://www.coles.com.au/product/mutti-pasta-sauce-rossoro-tomatoes-&-grilled-vegetables-400g-5307929",
    "img": "https://productimages.coles.com.au/productimages/5/5307929.jpg",
    "price": 5.7,
    "quantity": 0.4,
    "unitPrice": 14.3
  },
  {
    "name": "Curry Kit Korma",
    "url": "https://www.coles.com.au/product/patak's-curry-kit-korma-315g-3229653",
    "img": "https://productimages.coles.com.au/productimages/3/3229653.jpg",
    "price": 4.5,
    "quantity": 0.315,
    "unitPrice": 14.3
  },
  {
    "name": "Pasta Sauce Rossoro Tomatoes & Genovese Basil",
    "url": "https://www.coles.com.au/product/mutti-pasta-sauce-rossoro-tomatoes-&-genovese-basil-400g-5306620",
    "img": "https://productimages.coles.com.au/productimages/5/5306620.jpg",
    "price": 5.7,
    "quantity": 0.4,
    "unitPrice": 14.3
  },
  {
    "name": "Pasta Sauce Rossoro Tomatoes & Grilled Vegetables",
    "url": "https://www.coles.com.au/product/mutti-pasta-sauce-rossoro-tomatoes-&-grilled-vegetables-400g-5307929",
    "img": "https://productimages.coles.com.au/productimages/5/5307929.jpg",
    "price": 5.7,
    "quantity": 0.4,
    "unitPrice": 14.3
  },
  {
    "name": "Curry Kit Korma",
    "url": "https://www.coles.com.au/product/patak's-curry-kit-korma-315g-3229653",
    "img": "https://productimages.coles.com.au/productimages/3/3229653.jpg",
    "price": 4.5,
    "quantity": 0.315,
    "unitPrice": 14.3
  },
  {
    "name": "Microwaveable Beef Pie",
    "url": "https://www.coles.com.au/product/mrs-mac's-microwaveable-beef-pie-175g-5116658",
    "img": "https://productimages.coles.com.au/productimages/5/5116658.jpg",
    "price": 2.5,
    "quantity": 0.175,
    "unitPrice": 14.3
  },
  {
    "name": "Microwaveable Beef & Cheese Pie",
    "url": "https://www.coles.com.au/product/mrs-mac's-microwaveable-beef-&-cheese-pie-175g-5116680",
    "img": "https://productimages.coles.com.au/productimages/5/5116680.jpg",
    "price": 2.5,
    "quantity": 0.175,
    "unitPrice": 14.3
  },
  {
    "name": "Microwaveable Sausage Roll",
    "url": "https://www.coles.com.au/product/mrs-mac's-microwaveable-sausage-roll-175g-5117708",
    "img": "https://productimages.coles.com.au/productimages/5/5117708.jpg",
    "price": 2.5,
    "quantity": 0.175,
    "unitPrice": 14.3
  },
  {
    "name": "Frozen Healthy Choice Apricot Chicken With Steamed Rice",
    "url": "https://www.coles.com.au/product/mccain-frozen-healthy-choice-apricot-chicken-with-steamed-rice-350g-5393170",
    "img": "https://productimages.coles.com.au/productimages/5/5393170.jpg",
    "price": 5,
    "quantity": 0.35,
    "unitPrice": 14.3
  },
  {
    "name": "Frozen Healthy Choice Lemon Chicken",
    "url": "https://www.coles.com.au/product/mccain-frozen-healthy-choice-lemon-chicken-350g-6557841",
    "img": "https://productimages.coles.com.au/productimages/6/6557841.jpg",
    "price": 5,
    "quantity": 0.35,
    "unitPrice": 14.3
  },
  {
    "name": "Gua Bao Bun",
    "url": "https://www.coles.com.au/product/king-of-kings-gua-bao-bun-560g-4317199",
    "img": "https://productimages.coles.com.au/productimages/4/4317199.jpg",
    "price": 8,
    "quantity": 0.56,
    "unitPrice": 14.3
  },
  {
    "name": "Frozen Hot Dogs Puffy Cocktail 20 pack",
    "url": "https://www.coles.com.au/product/marathon-frozen-hot-dogs-puffy-cocktail-20-pack-600g-9666800",
    "img": "https://productimages.coles.com.au/productimages/9/9666800.jpg",
    "price": 8.6,
    "quantity": 0.6,
    "unitPrice": 14.3
  },
  {
    "name": "Woolworths Classic Sponge Cake",
    "url": "https://www.woolworths.com.au/shop/productdetails/510736",
    "img": "https://cdn0.woolworths.media/content/wowproductimages/medium/510736.jpg",
    "price": 5,
    "quantity": 0.35,
    "unitPrice": 14.3
  },
  {
    "name": "Chobani No Sugar Added Greek Yogurt Vanilla",
    "url": "https://www.woolworths.com.au/shop/productdetails/272107",
    "img": "https://cdn0.woolworths.media/content/wowproductimages/medium/272107.jpg",
    "price": 2.15,
    "quantity": 0.15,
    "unitPrice": 14.3
  },
  {
    "name": "Chobani No Sugar Added Greek Yogurt Mixed Berry",
    "url": "https://www.woolworths.com.au/shop/productdetails/272090",
    "img": "https://cdn0.woolworths.media/content/wowproductimages/medium/272090.jpg",
    "price": 2.15,
    "quantity": 0.15,
    "unitPrice": 14.3
  },
  {
    "name": "Chobani No Sugar Added Greek Yogurt Mango Passion Fruit",
    "url": "https://www.woolworths.com.au/shop/productdetails/271406",
    "img": "https://cdn0.woolworths.media/content/wowproductimages/medium/271406.jpg",
    "price": 2.15,
    "quantity": 0.15,
    "unitPrice": 14.3
  },
  {
    "name": "Chef's Choice Organic 3 Mix Quinoa 1kg",
    "url": "https://www.woolworths.com.au/shop/productdetails/1073969239",
    "img": "https://cdn0.woolworths.media/content/wowproductimages/medium/1073969239.jpg",
    "price": 14.25,
    "quantity": 1,
    "unitPrice": 14.3
  },
  {
    "name": "Woolworths Pure Honey",
    "url": "https://www.woolworths.com.au/shop/productdetails/251356",
    "img": "https://cdn0.woolworths.media/content/wowproductimages/medium/251356.jpg",
    "price": 5.7,
    "quantity": 0.4,
    "unitPrice": 14.3
  },
  {
    "name": "Mutti Gourmet Pasta Sauce Rossoro Tomatoes With Genovese Basil",
    "url": "https://www.woolworths.com.au/shop/productdetails/216869",
    "img": "https://cdn0.woolworths.media/content/wowproductimages/medium/216869.jpg",
    "price": 5.7,
    "quantity": 0.4,
    "unitPrice": 14.3
  },
  {
    "name": "Mutti Gourmet Pasta Sauce Rossoro Tomatoes Parmigiano Reggiano",
    "url": "https://www.woolworths.com.au/shop/productdetails/217642",
    "img": "https://cdn0.woolworths.media/content/wowproductimages/medium/217642.jpg",
    "price": 5.7,
    "quantity": 0.4,
    "unitPrice": 14.3
  },
  {
    "name": "Lee Kum Kee Panda Brand Sauce Oyster",
    "url": "https://www.woolworths.com.au/shop/productdetails/65404",
    "img": "https://cdn0.woolworths.media/content/wowproductimages/medium/065404.jpg",
    "price": 3.65,
    "quantity": 0.255,
    "unitPrice": 14.3
  },
  {
    "name": "Mutti Gourmet Pasta Sauce Rossoro Tomatoes Grilled Vegetables",
    "url": "https://www.woolworths.com.au/shop/productdetails/216868",
    "img": "https://cdn0.woolworths.media/content/wowproductimages/medium/216868.jpg",
    "price": 5.7,
    "quantity": 0.4,
    "unitPrice": 14.3
  },
  {
    "name": "Mutti Gourmet Pasta Sauce Cherry Tomatoes With Leccino Olives",
    "url": "https://www.woolworths.com.au/shop/productdetails/218039",
    "img": "https://cdn0.woolworths.media/content/wowproductimages/medium/218039.jpg",
    "price": 5.7,
    "quantity": 0.4,
    "unitPrice": 14.3
  },
  {
    "name": "Mutti Gourmet Pasta Sauce Pizzutello Tomatoes Calabrian Chilli",
    "url": "https://www.woolworths.com.au/shop/productdetails/216871",
    "img": "https://cdn0.woolworths.media/content/wowproductimages/medium/216871.jpg",
    "price": 5.7,
    "quantity": 0.4,
    "unitPrice": 14.3
  },
  {
    "name": "Spring Gully Sweet Chilli Sauce Gluten Free",
    "url": "https://www.woolworths.com.au/shop/productdetails/250694",
    "img": "https://cdn0.woolworths.media/content/wowproductimages/medium/250694.jpg",
    "price": 3.5,
    "quantity": 0.245,
    "unitPrice": 14.3
  },
  {
    "name": "Lasagne with Angus Beef & Vegetables",
    "url": "https://www.coles.com.au/product/latina-lasagne-with-angus-beef-&-vegetables-800g-9991403",
    "img": "https://productimages.coles.com.au/productimages/9/9991403.jpg",
    "price": 11.5,
    "quantity": 0.8,
    "unitPrice": 14.4
  },
  {
    "name": "Fresh Egg Fettuccine",
    "url": "https://www.coles.com.au/product/latina-fresh-egg-fettuccine-375g-5051790",
    "img": "https://productimages.coles.com.au/productimages/5/5051790.jpg",
    "price": 5.4,
    "quantity": 0.375,
    "unitPrice": 14.4
  },
  {
    "name": "Spread With Butter",
    "url": "https://www.coles.com.au/product/bertolli-spread-with-butter-450g-5407399",
    "img": "https://productimages.coles.com.au/productimages/5/5407399.jpg",
    "price": 6.5,
    "quantity": 0.45,
    "unitPrice": 14.4
  },
  {
    "name": "Fruit Panettone",
    "url": "https://www.coles.com.au/product/baroni-fruit-panettone-900g-1506719",
    "img": "https://productimages.coles.com.au/productimages/1/1506719.jpg",
    "price": 13,
    "quantity": 0.9,
    "unitPrice": 14.4
  },
  {
    "name": "Choc Chip Panettone",
    "url": "https://www.coles.com.au/product/baroni-choc-chip-panettone-900g-2004818",
    "img": "https://productimages.coles.com.au/productimages/2/2004818.jpg",
    "price": 13,
    "quantity": 0.9,
    "unitPrice": 14.4
  },
  {
    "name": "Cookies And Cream Layer",
    "url": "https://www.coles.com.au/product/white-wings-cookies-and-cream-layer-250g-4357921",
    "img": "https://productimages.coles.com.au/productimages/4/4357921.jpg",
    "price": 3.6,
    "quantity": 0.25,
    "unitPrice": 14.4
  },
  {
    "name": "Cookies And Cream Layer",
    "url": "https://www.coles.com.au/product/white-wings-cookies-and-cream-layer-250g-4357921",
    "img": "https://productimages.coles.com.au/productimages/4/4357921.jpg",
    "price": 3.6,
    "quantity": 0.25,
    "unitPrice": 14.4
  },
  {
    "name": "Pure Australian Honey Squeeze",
    "url": "https://www.coles.com.au/product/coles-pure-australian-honey-squeeze-500g-2912453",
    "img": "https://productimages.coles.com.au/productimages/2/2912453.jpg",
    "price": 7.2,
    "quantity": 0.5,
    "unitPrice": 14.4
  },
  {
    "name": "Cheerios Honey Breakfast Cereal",
    "url": "https://www.coles.com.au/product/uncle-tobys-cheerios-honey-breakfast-cereal-520g-7019437",
    "img": "https://productimages.coles.com.au/productimages/7/7019437.jpg",
    "price": 7.5,
    "quantity": 0.52,
    "unitPrice": 14.4
  },
  {
    "name": "Peanut Butter Smooth",
    "url": "https://www.coles.com.au/product/bega-peanut-butter-smooth-375g-130607",
    "img": "https://productimages.coles.com.au/productimages/1/130607.jpg",
    "price": 5.4,
    "quantity": 0.375,
    "unitPrice": 14.4
  },
  {
    "name": "Crunchy Peanut Butter",
    "url": "https://www.coles.com.au/product/bega-crunchy-peanut-butter-375g-130629",
    "img": "https://productimages.coles.com.au/productimages/1/130629.jpg",
    "price": 5.4,
    "quantity": 0.375,
    "unitPrice": 14.4
  },
  {
    "name": "Pure Australian Honey Squeeze",
    "url": "https://www.coles.com.au/product/coles-pure-australian-honey-squeeze-500g-2912453",
    "img": "https://productimages.coles.com.au/productimages/2/2912453.jpg",
    "price": 7.2,
    "quantity": 0.5,
    "unitPrice": 14.4
  },
  {
    "name": "Organic Unrefined Extra Virgin Coconut Oil",
    "url": "https://www.coles.com.au/product/coles-organic-unrefined-extra-virgin-coconut-oil-250g-2896142",
    "img": "https://productimages.coles.com.au/productimages/2/2896142.jpg",
    "price": 3.6,
    "quantity": 0.25,
    "unitPrice": 14.4
  },
  {
    "name": "Tradicional Olive Oil",
    "url": "https://www.coles.com.au/product/moro-tradicional-olive-oil-1l-134608",
    "img": "https://productimages.coles.com.au/productimages/1/134608.jpg",
    "price": 14.4,
    "quantity": 1,
    "unitPrice": 14.4
  },
  {
    "name": "Grape Seed Oil",
    "url": "https://www.coles.com.au/product/monini-grape-seed-oil-1l-1702069",
    "img": "https://productimages.coles.com.au/productimages/1/1702069.jpg",
    "price": 14.4,
    "quantity": 1,
    "unitPrice": 14.4
  },
  {
    "name": "Primero Extra Virgin Olive Oil",
    "url": "https://www.coles.com.au/product/moro-primero-extra-virgin-olive-oil-1l-5118100",
    "img": "https://productimages.coles.com.au/productimages/5/5118100.jpg",
    "price": 14.4,
    "quantity": 1,
    "unitPrice": 14.4
  },
  {
    "name": "El Delicado Light Taste Olive Oil",
    "url": "https://www.coles.com.au/product/moro-el-delicado-light-taste-olive-oil-1l-5118110",
    "img": "https://productimages.coles.com.au/productimages/5/5118110.jpg",
    "price": 14.4,
    "quantity": 1,
    "unitPrice": 14.4
  },
  {
    "name": "Curry Kit Butter Chicken",
    "url": "https://www.coles.com.au/product/patak's-curry-kit-butter-chicken-313g-3229642",
    "img": "https://productimages.coles.com.au/productimages/3/3229642.jpg",
    "price": 4.5,
    "quantity": 0.313,
    "unitPrice": 14.4
  },
  {
    "name": "Curry Kit Tikka Masala",
    "url": "https://www.coles.com.au/product/patak's-curry-kit-tikka-masala-313g-3993574",
    "img": "https://productimages.coles.com.au/productimages/3/3993574.jpg",
    "price": 4.5,
    "quantity": 0.313,
    "unitPrice": 14.4
  },
  {
    "name": "Curry Kit Butter Chicken",
    "url": "https://www.coles.com.au/product/patak's-curry-kit-butter-chicken-313g-3229642",
    "img": "https://productimages.coles.com.au/productimages/3/3229642.jpg",
    "price": 4.5,
    "quantity": 0.313,
    "unitPrice": 14.4
  },
  {
    "name": "Curry Kit Tikka Masala",
    "url": "https://www.coles.com.au/product/patak's-curry-kit-tikka-masala-313g-3993574",
    "img": "https://productimages.coles.com.au/productimages/3/3993574.jpg",
    "price": 4.5,
    "quantity": 0.313,
    "unitPrice": 14.4
  },
  {
    "name": "Acai  Energy Superfood Packs",
    "url": "https://www.coles.com.au/product/amazonia-acai--energy-superfood-packs-400g-3243585",
    "img": "https://productimages.coles.com.au/productimages/3/3243585.jpg",
    "price": 5.75,
    "quantity": 0.4,
    "unitPrice": 14.4
  },
  {
    "name": "Bismarck Herring",
    "url": "https://www.coles.com.au/product/ocean-king-bismarck-herring-500g-3899135",
    "img": "https://productimages.coles.com.au/productimages/3/3899135.jpg",
    "price": 7.2,
    "quantity": 0.5,
    "unitPrice": 14.4
  },
  {
    "name": "Spc Baked Beans Rich Tomato Snack Pot",
    "url": "https://www.woolworths.com.au/shop/productdetails/345739",
    "img": "https://cdn0.woolworths.media/content/wowproductimages/medium/345739.jpg",
    "price": 2.6,
    "quantity": 0.18,
    "unitPrice": 14.4
  },
  {
    "name": "Bertolli With Butter With A Pinch Of Sea Salt",
    "url": "https://www.woolworths.com.au/shop/productdetails/222133",
    "img": "https://cdn0.woolworths.media/content/wowproductimages/medium/222133.jpg",
    "price": 6.5,
    "quantity": 0.45,
    "unitPrice": 14.4
  },
  {
    "name": "Devondale Thickened Cream Long Life",
    "url": "https://www.woolworths.com.au/shop/productdetails/804284",
    "img": "https://cdn0.woolworths.media/content/wowproductimages/medium/804284.jpg",
    "price": 3.6,
    "quantity": 0.25,
    "unitPrice": 14.4
  },
  {
    "name": "Kellogg's Nutri Grain 25% Less Sugar Vanilla Malt Flavour",
    "url": "https://www.woolworths.com.au/shop/productdetails/336678",
    "img": "https://cdn0.woolworths.media/content/wowproductimages/medium/336678.jpg",
    "price": 6.5,
    "quantity": 0.45,
    "unitPrice": 14.4
  },
  {
    "name": "Bega Peanut Butter Smooth",
    "url": "https://www.woolworths.com.au/shop/productdetails/33605",
    "img": "https://cdn0.woolworths.media/content/wowproductimages/medium/033605.jpg",
    "price": 5.4,
    "quantity": 0.375,
    "unitPrice": 14.4
  },
  {
    "name": "Bega Peanut Butter Crunchy",
    "url": "https://www.woolworths.com.au/shop/productdetails/33604",
    "img": "https://cdn0.woolworths.media/content/wowproductimages/medium/033604.jpg",
    "price": 5.4,
    "quantity": 0.375,
    "unitPrice": 14.4
  },
  {
    "name": "Uncle Tobys Cheerios Honey",
    "url": "https://www.woolworths.com.au/shop/productdetails/387091",
    "img": "https://cdn0.woolworths.media/content/wowproductimages/medium/387091.jpg",
    "price": 7.5,
    "quantity": 0.52,
    "unitPrice": 14.4
  },
  {
    "name": "Mayvers Peanut Butter Protein +",
    "url": "https://www.woolworths.com.au/shop/productdetails/235751",
    "img": "https://cdn0.woolworths.media/content/wowproductimages/medium/235751.jpg",
    "price": 10.8,
    "quantity": 0.75,
    "unitPrice": 14.4
  },
  {
    "name": "Dollar Sweets Bright",
    "url": "https://www.woolworths.com.au/shop/productdetails/29077",
    "img": "https://cdn0.woolworths.media/content/wowproductimages/medium/029077.jpg",
    "price": 2.3,
    "quantity": 0.16,
    "unitPrice": 14.4
  },
  {
    "name": "Betty Crocker Milk Chocolate Chunk Cookie Mix",
    "url": "https://www.woolworths.com.au/shop/productdetails/187797",
    "img": "https://cdn0.woolworths.media/content/wowproductimages/medium/187797.jpg",
    "price": 7,
    "quantity": 0.485,
    "unitPrice": 14.4
  },
  {
    "name": "Golden Circle Australian Canned Fruit Tinned Pineapple Pieces In Juice",
    "url": "https://www.woolworths.com.au/shop/productdetails/77571",
    "img": "https://cdn0.woolworths.media/content/wowproductimages/medium/077571.jpg",
    "price": 3.25,
    "quantity": 0.225,
    "unitPrice": 14.44
  },
  {
    "name": "Golden Circle Australian Canned Fruit Tinned Pineapple Slices In Juice",
    "url": "https://www.woolworths.com.au/shop/productdetails/77570",
    "img": "https://cdn0.woolworths.media/content/wowproductimages/medium/077570.jpg",
    "price": 3.25,
    "quantity": 0.225,
    "unitPrice": 14.44
  },
  {
    "name": "Black Olives Sliced ",
    "url": "https://www.coles.com.au/product/always-fresh-black-olives-sliced--235g-5595200",
    "img": "https://productimages.coles.com.au/productimages/5/5595200.jpg",
    "price": 3.4,
    "quantity": 0.235,
    "unitPrice": 14.47
  },
  {
    "name": "Salted Butter",
    "url": "https://www.coles.com.au/product/westgold-salted-butter-400g-7075278",
    "img": "https://productimages.coles.com.au/productimages/7/7075278.jpg",
    "price": 5.8,
    "quantity": 0.4,
    "unitPrice": 14.5
  },
  {
    "name": "Unsalted Butter",
    "url": "https://www.coles.com.au/product/westgold-unsalted-butter-400g-7085056",
    "img": "https://productimages.coles.com.au/productimages/7/7085056.jpg",
    "price": 5.8,
    "quantity": 0.4,
    "unitPrice": 14.5
  },
  {
    "name": "Gourmet Wholemeal Pizza Bases 2 pack",
    "url": "https://www.coles.com.au/product/tip-top-gourmet-wholemeal-pizza-bases-2-pack-440g-3499057",
    "img": "https://productimages.coles.com.au/productimages/3/3499057.jpg",
    "price": 6.4,
    "quantity": 0.44,
    "unitPrice": 14.5
  },
  {
    "name": "White Gourmet Pizza Base 2 pack",
    "url": "https://www.coles.com.au/product/tip-top-white-gourmet-pizza-base-2-pack-440g-3499068",
    "img": "https://productimages.coles.com.au/productimages/3/3499068.jpg",
    "price": 6.4,
    "quantity": 0.44,
    "unitPrice": 14.5
  },
  {
    "name": "Sweet Condensed Coconut Milk",
    "url": "https://www.coles.com.au/product/pandaroo-sweet-condensed-coconut-milk-320g-3739809",
    "img": "https://productimages.coles.com.au/productimages/3/3739809.jpg",
    "price": 4.65,
    "quantity": 0.32,
    "unitPrice": 14.5
  },
  {
    "name": "Clear Honey Squeeze",
    "url": "https://www.coles.com.au/product/capilano-clear-honey-squeeze-1kg-8550989",
    "img": "https://productimages.coles.com.au/productimages/8/8550989.jpg",
    "price": 14.5,
    "quantity": 1,
    "unitPrice": 14.5
  },
  {
    "name": "25% Less Sugar Light Mayo",
    "url": "https://www.coles.com.au/product/praise-25%-less-sugar-light-mayo-380g-4498424",
    "img": "https://productimages.coles.com.au/productimages/4/4498424.jpg",
    "price": 5.5,
    "quantity": 0.38,
    "unitPrice": 14.5
  },
  {
    "name": "Dijon Mustard",
    "url": "https://www.coles.com.au/product/coles-dijon-mustard-200g-2421473",
    "img": "https://productimages.coles.com.au/productimages/2/2421473.jpg",
    "price": 2.9,
    "quantity": 0.2,
    "unitPrice": 14.5
  },
  {
    "name": "Wholegrain Mustard",
    "url": "https://www.coles.com.au/product/coles-wholegrain-mustard-200g-2421484",
    "img": "https://productimages.coles.com.au/productimages/2/2421484.jpg",
    "price": 2.9,
    "quantity": 0.2,
    "unitPrice": 14.5
  },
  {
    "name": "Dijon Mustard",
    "url": "https://www.coles.com.au/product/coles-dijon-mustard-200g-2421473",
    "img": "https://productimages.coles.com.au/productimages/2/2421473.jpg",
    "price": 2.9,
    "quantity": 0.2,
    "unitPrice": 14.5
  },
  {
    "name": "Wholegrain Mustard",
    "url": "https://www.coles.com.au/product/coles-wholegrain-mustard-200g-2421484",
    "img": "https://productimages.coles.com.au/productimages/2/2421484.jpg",
    "price": 2.9,
    "quantity": 0.2,
    "unitPrice": 14.5
  },
  {
    "name": "Frozen Crumbed Chicken Breast Nuggets",
    "url": "https://www.coles.com.au/product/steggles-frozen-crumbed-chicken-breast-nuggets-400g-3088450",
    "img": "https://productimages.coles.com.au/productimages/3/3088450.jpg",
    "price": 5.8,
    "quantity": 0.4,
    "unitPrice": 14.5
  },
  {
    "name": "Frozen Tempura Chicken Breast Nuggets",
    "url": "https://www.coles.com.au/product/steggles-frozen-tempura-chicken-breast-nuggets-400g-3088493",
    "img": "https://productimages.coles.com.au/productimages/3/3088493.jpg",
    "price": 5.8,
    "quantity": 0.4,
    "unitPrice": 14.5
  },
  {
    "name": "Frozen Chicken Mini Dim Sim",
    "url": "https://www.coles.com.au/product/golden-wok-frozen-chicken-mini-dim-sim-660g-5077986",
    "img": "https://productimages.coles.com.au/productimages/5/5077986.jpg",
    "price": 9.6,
    "quantity": 0.66,
    "unitPrice": 14.5
  },
  {
    "name": "Westgold Grass Fed Butter Salted",
    "url": "https://www.woolworths.com.au/shop/productdetails/504592",
    "img": "https://cdn0.woolworths.media/content/wowproductimages/medium/504592.jpg",
    "price": 5.8,
    "quantity": 0.4,
    "unitPrice": 14.5
  },
  {
    "name": "Westgold Grass Fed Butter Unsalted",
    "url": "https://www.woolworths.com.au/shop/productdetails/504590",
    "img": "https://cdn0.woolworths.media/content/wowproductimages/medium/504590.jpg",
    "price": 5.8,
    "quantity": 0.4,
    "unitPrice": 14.5
  },
  {
    "name": "Woolworths Odd Bunch Chopped Spinach",
    "url": "https://www.woolworths.com.au/shop/productdetails/135449",
    "img": "https://cdn0.woolworths.media/content/wowproductimages/medium/135449.jpg",
    "price": 5.8,
    "quantity": 0.4,
    "unitPrice": 14.5
  },
  {
    "name": "Bertocchi Mortadella Plain Shaved From The Deli",
    "url": "https://www.woolworths.com.au/shop/productdetails/227743",
    "img": "https://cdn0.woolworths.media/content/wowproductimages/medium/227743.jpg",
    "price": 14.5,
    "quantity": 1,
    "unitPrice": 14.5
  },
  {
    "name": "Bertocchi Mortadella Green Olives Sliced From The Deli",
    "url": "https://www.woolworths.com.au/shop/productdetails/204617",
    "img": "https://cdn0.woolworths.media/content/wowproductimages/medium/204617.jpg",
    "price": 14.5,
    "quantity": 1,
    "unitPrice": 14.5
  },
  {
    "name": "Bertocchi Mortadella Plain Sliced From The Deli",
    "url": "https://www.woolworths.com.au/shop/productdetails/14812",
    "img": "https://cdn0.woolworths.media/content/wowproductimages/medium/014812.jpg",
    "price": 14.5,
    "quantity": 1,
    "unitPrice": 14.5
  },
  {
    "name": "Uncle Tobys Oat Crisp Almond Breakfast Cereal",
    "url": "https://www.woolworths.com.au/shop/productdetails/319321",
    "img": "https://cdn0.woolworths.media/content/wowproductimages/medium/319321.jpg",
    "price": 6,
    "quantity": 0.415,
    "unitPrice": 14.5
  },
  {
    "name": "Capilano 100% Pure Australian Honey Squeeze",
    "url": "https://www.woolworths.com.au/shop/productdetails/341817",
    "img": "https://cdn0.woolworths.media/content/wowproductimages/medium/341817.jpg",
    "price": 14.5,
    "quantity": 1,
    "unitPrice": 14.5
  },
  {
    "name": "Green's Mini Lemon Cheesecake Mix",
    "url": "https://www.woolworths.com.au/shop/productdetails/239860",
    "img": "https://cdn0.woolworths.media/content/wowproductimages/medium/239860.jpg",
    "price": 4,
    "quantity": 0.275,
    "unitPrice": 14.5
  },
  {
    "name": "Betty Crocker Devils Food Gluten Free Cake Mix",
    "url": "https://www.woolworths.com.au/shop/productdetails/793246",
    "img": "https://cdn0.woolworths.media/content/wowproductimages/medium/793246.jpg",
    "price": 8,
    "quantity": 0.55,
    "unitPrice": 14.5
  },
  {
    "name": "Sundried Tomato Strips",
    "url": "https://www.coles.com.au/product/always-fresh-sundried-tomato-strips-480g-6740032",
    "img": "https://productimages.coles.com.au/productimages/6/6740032.jpg",
    "price": 7,
    "quantity": 0.48,
    "unitPrice": 14.58
  },
  {
    "name": "Premium Mini Pizza Bases Garlic And Herb 6 Pack",
    "url": "https://www.coles.com.au/product/simson's-pantry-premium-mini-pizza-bases-garlic-and-herb-6-pack-240g-6576438",
    "img": "https://productimages.coles.com.au/productimages/6/6576438.jpg",
    "price": 3.5,
    "quantity": 0.24,
    "unitPrice": 14.6
  },
  {
    "name": "Milk Chocolate Baking Chips Value Pack",
    "url": "https://www.coles.com.au/product/cadbury-milk-chocolate-baking-chips-value-pack-410g-4744495",
    "img": "https://productimages.coles.com.au/productimages/4/4744495.jpg",
    "price": 6,
    "quantity": 0.41,
    "unitPrice": 14.6
  },
  {
    "name": "Milk Chocolate Baking Chips Value Pack",
    "url": "https://www.coles.com.au/product/cadbury-milk-chocolate-baking-chips-value-pack-410g-4744495",
    "img": "https://productimages.coles.com.au/productimages/4/4744495.jpg",
    "price": 6,
    "quantity": 0.41,
    "unitPrice": 14.6
  },
  {
    "name": "Sultana Bran With Oat Clusters Breakfast Cereal",
    "url": "https://www.coles.com.au/product/kellogg's-sultana-bran-with-oat-clusters-breakfast-cereal-480g-5103951",
    "img": "https://productimages.coles.com.au/productimages/5/5103951.jpg",
    "price": 7,
    "quantity": 0.48,
    "unitPrice": 14.6
  },
  {
    "name": "Organic Whole Egg Mayonnaise",
    "url": "https://www.coles.com.au/product/coles-organic-whole-egg-mayonnaise-445g-3034665",
    "img": "https://productimages.coles.com.au/productimages/3/3034665.jpg",
    "price": 6.5,
    "quantity": 0.445,
    "unitPrice": 14.6
  },
  {
    "name": "Sausages",
    "url": "https://www.coles.com.au/product/quorn-sausages-336g-3956705",
    "img": "https://productimages.coles.com.au/productimages/3/3956705.jpg",
    "price": 4.9,
    "quantity": 0.336,
    "unitPrice": 14.6
  },
  {
    "name": "Kraft Mac & Cheese Macaroni Pasta Original",
    "url": "https://www.woolworths.com.au/shop/productdetails/693152",
    "img": "https://cdn0.woolworths.media/content/wowproductimages/medium/693152.jpg",
    "price": 3,
    "quantity": 0.205,
    "unitPrice": 14.6
  },
  {
    "name": "Kraft Mac & Cheese Macaroni Pasta Three Cheese Instant Noodles",
    "url": "https://www.woolworths.com.au/shop/productdetails/21128",
    "img": "https://cdn0.woolworths.media/content/wowproductimages/medium/021128.jpg",
    "price": 3,
    "quantity": 0.205,
    "unitPrice": 14.6
  },
  {
    "name": "Kellogg's Pop Tarts Frosted Chocotastic Toaster Pastries",
    "url": "https://www.woolworths.com.au/shop/productdetails/87845",
    "img": "https://cdn0.woolworths.media/content/wowproductimages/medium/087845.jpg",
    "price": 5.6,
    "quantity": 0.384,
    "unitPrice": 14.6
  },
  {
    "name": "Kellogg's Pop Tarts Frosted Cookies & Crème Toaster Pastries",
    "url": "https://www.woolworths.com.au/shop/productdetails/152456",
    "img": "https://cdn0.woolworths.media/content/wowproductimages/medium/152456.jpg",
    "price": 5.6,
    "quantity": 0.384,
    "unitPrice": 14.6
  },
  {
    "name": "Kellogg's Pop Tarts Frosted Strawberry Toaster Pastries",
    "url": "https://www.woolworths.com.au/shop/productdetails/148438",
    "img": "https://cdn0.woolworths.media/content/wowproductimages/medium/148438.jpg",
    "price": 5.6,
    "quantity": 0.384,
    "unitPrice": 14.6
  },
  {
    "name": "Kellogg's Pop Tarts Frosted Brown Sugar Cinnamon Toaster Pastries",
    "url": "https://www.woolworths.com.au/shop/productdetails/152236",
    "img": "https://cdn0.woolworths.media/content/wowproductimages/medium/152236.jpg",
    "price": 5.6,
    "quantity": 0.384,
    "unitPrice": 14.6
  },
  {
    "name": "Archibald's Pure Australian Honey",
    "url": "https://www.woolworths.com.au/shop/productdetails/250402",
    "img": "https://cdn0.woolworths.media/content/wowproductimages/medium/250402.jpg",
    "price": 9.9,
    "quantity": 0.68,
    "unitPrice": 14.6
  },
  {
    "name": "Marion's Kitchen Sticky Chilli Ginger",
    "url": "https://www.woolworths.com.au/shop/productdetails/81249",
    "img": "https://cdn0.woolworths.media/content/wowproductimages/medium/081249.jpg",
    "price": 3.5,
    "quantity": 0.24,
    "unitPrice": 14.6
  },
  {
    "name": "Lee Kum Kee Sauce Stir Fry Hoisin",
    "url": "https://www.woolworths.com.au/shop/productdetails/762239",
    "img": "https://cdn0.woolworths.media/content/wowproductimages/medium/762239.jpg",
    "price": 3.8,
    "quantity": 0.26,
    "unitPrice": 14.6
  },
  {
    "name": "Cadbury Baking Milk Chocolate Chips Value Pack",
    "url": "https://www.woolworths.com.au/shop/productdetails/208101",
    "img": "https://cdn0.woolworths.media/content/wowproductimages/medium/208101.jpg",
    "price": 6,
    "quantity": 0.41,
    "unitPrice": 14.6
  },
  {
    "name": "Well & Good Gluten Free Choc Fudge Brownie Mix",
    "url": "https://www.woolworths.com.au/shop/productdetails/208976",
    "img": "https://cdn0.woolworths.media/content/wowproductimages/medium/208976.jpg",
    "price": 5.85,
    "quantity": 0.4,
    "unitPrice": 14.6
  },
  {
    "name": "Well & Good Chocolate Chip Cookie Mix Gluten Free",
    "url": "https://www.woolworths.com.au/shop/productdetails/211556",
    "img": "https://cdn0.woolworths.media/content/wowproductimages/medium/211556.jpg",
    "price": 5.85,
    "quantity": 0.4,
    "unitPrice": 14.6
  },
  {
    "name": "Well & Good Crusty Bread Mix",
    "url": "https://www.woolworths.com.au/shop/productdetails/141860",
    "img": "https://cdn0.woolworths.media/content/wowproductimages/medium/141860.jpg",
    "price": 6,
    "quantity": 0.41,
    "unitPrice": 14.6
  },
  {
    "name": "Well & Good Crumble Mix",
    "url": "https://www.woolworths.com.au/shop/productdetails/278362",
    "img": "https://cdn0.woolworths.media/content/wowproductimages/medium/278362.jpg",
    "price": 5.85,
    "quantity": 0.4,
    "unitPrice": 14.6
  },
  {
    "name": "Green's Golden Gaytime Cupcakes Or Cakebites",
    "url": "https://www.woolworths.com.au/shop/productdetails/279847",
    "img": "https://cdn0.woolworths.media/content/wowproductimages/medium/279847.jpg",
    "price": 7,
    "quantity": 0.48,
    "unitPrice": 14.6
  },
  {
    "name": "Betty Crocker Rainbow Chip Party Cake Mix",
    "url": "https://www.woolworths.com.au/shop/productdetails/81684",
    "img": "https://cdn0.woolworths.media/content/wowproductimages/medium/081684.jpg",
    "price": 7,
    "quantity": 0.48,
    "unitPrice": 14.6
  },
  {
    "name": "Kitchen Carrot Sticks",
    "url": "https://www.coles.com.au/product/coles-kitchen-carrot-sticks-150g-2313448",
    "img": "https://productimages.coles.com.au/productimages/2/2313448.jpg",
    "price": 2.2,
    "quantity": 0.15,
    "unitPrice": 14.67
  },
  {
    "name": "Kitchen Carrot Sticks",
    "url": "https://www.coles.com.au/product/coles-kitchen-carrot-sticks-150g-2313448",
    "img": "https://productimages.coles.com.au/productimages/2/2313448.jpg",
    "price": 2.2,
    "quantity": 0.15,
    "unitPrice": 14.67
  },
  {
    "name": "Mixed Dried Fruit",
    "url": "https://www.coles.com.au/product/sunbeam-mixed-dried-fruit-375g-475143",
    "img": "https://productimages.coles.com.au/productimages/4/475143.jpg",
    "price": 5.5,
    "quantity": 0.375,
    "unitPrice": 14.67
  },
  {
    "name": "Mixed Dried Fruit",
    "url": "https://www.coles.com.au/product/sunbeam-mixed-dried-fruit-375g-475143",
    "img": "https://productimages.coles.com.au/productimages/4/475143.jpg",
    "price": 5.5,
    "quantity": 0.375,
    "unitPrice": 14.67
  },
  {
    "name": "Woolworths White Flat Mushrooms Punnet",
    "url": "https://www.woolworths.com.au/shop/productdetails/215610",
    "img": "https://cdn0.woolworths.media/content/wowproductimages/medium/215610.jpg",
    "price": 5.5,
    "quantity": 0.375,
    "unitPrice": 14.67
  },
  {
    "name": "Sunbeam Mixed Fruit",
    "url": "https://www.woolworths.com.au/shop/productdetails/91579",
    "img": "https://cdn0.woolworths.media/content/wowproductimages/medium/091579.jpg",
    "price": 5.5,
    "quantity": 0.375,
    "unitPrice": 14.67
  },
  {
    "name": "Kenny’s Frozen Dessert",
    "url": "https://www.aldi.com.au/en/groceries/freezer/freezer-detail/ps/p/kennys-frozen-dessert-475ml/",
    "img": "https://www.aldi.com.au/fileadmin/_processed_/8/a/csm_ALN2853_FROZEN_FOOD_1x1_228x128_8_4f548ce5ec.jpg",
    "price": 6.99,
    "quantity": 0.475,
    "unitPrice": 14.7
  },
  {
    "name": "Sunny Brand Korean Beef Dumplings",
    "url": "https://www.aldi.com.au/en/groceries/super-savers/super-savers-detail/ps/p/sunny-brand-korean-beef-dumplings-750g-1/",
    "img": "https://www.aldi.com.au/fileadmin/_processed_/7/4/csm_4223_SSV_MEAT_1x1_2_RET_51b5b10d8e.png",
    "price": 10.99,
    "quantity": 0.75,
    "unitPrice": 14.7
  },
  {
    "name": "Dollop Cream",
    "url": "https://www.coles.com.au/product/coles-dollop-cream-300ml-4448288",
    "img": "https://productimages.coles.com.au/productimages/4/4448288.jpg",
    "price": 4.4,
    "quantity": 0.3,
    "unitPrice": 14.7
  },
  {
    "name": "High Protein Chocolate Pudding",
    "url": "https://www.coles.com.au/product/wicked-sister-high-protein-chocolate-pudding-170g-4494048",
    "img": "https://productimages.coles.com.au/productimages/4/4494048.jpg",
    "price": 2.5,
    "quantity": 0.17,
    "unitPrice": 14.7
  },
  {
    "name": "High Protein Banana Pudding",
    "url": "https://www.coles.com.au/product/wicked-sister-high-protein-banana-pudding-170g-4494060",
    "img": "https://productimages.coles.com.au/productimages/4/4494060.jpg",
    "price": 2.5,
    "quantity": 0.17,
    "unitPrice": 14.7
  },
  {
    "name": "High Protein Strawberry Pudding",
    "url": "https://www.coles.com.au/product/wicked-sister-high-protein-strawberry-pudding-170g-5418770",
    "img": "https://productimages.coles.com.au/productimages/5/5418770.jpg",
    "price": 2.5,
    "quantity": 0.17,
    "unitPrice": 14.7
  },
  {
    "name": "High Protein Mango Pudding",
    "url": "https://www.coles.com.au/product/wicked-sister-high-protein-mango-pudding-170g-7033212",
    "img": "https://productimages.coles.com.au/productimages/7/7033212.jpg",
    "price": 2.5,
    "quantity": 0.17,
    "unitPrice": 14.7
  },
  {
    "name": "Pure Australian Honey Squeeze",
    "url": "https://www.coles.com.au/product/coles-pure-australian-honey-squeeze-375g-7570029",
    "img": "https://productimages.coles.com.au/productimages/7/7570029.jpg",
    "price": 5.5,
    "quantity": 0.375,
    "unitPrice": 14.7
  },
  {
    "name": "Coco Pops Chocolatey Breakfast Cereal",
    "url": "https://www.coles.com.au/product/kellogg's-coco-pops-chocolatey-breakfast-cereal-375g-8490209",
    "img": "https://productimages.coles.com.au/productimages/8/8490209.jpg",
    "price": 5.5,
    "quantity": 0.375,
    "unitPrice": 14.7
  },
  {
    "name": "Oat Crisp Cereal Honey & Macadamia",
    "url": "https://www.coles.com.au/product/uncle-tobys-oat-crisp-cereal-honey-&-macadamia-475g-2264477",
    "img": "https://productimages.coles.com.au/productimages/2/2264477.jpg",
    "price": 7,
    "quantity": 0.475,
    "unitPrice": 14.7
  },
  {
    "name": "Chunky Mild Salsa",
    "url": "https://www.coles.com.au/product/mission-chunky-mild-salsa-300g-3800987",
    "img": "https://productimages.coles.com.au/productimages/3/3800987.jpg",
    "price": 4.4,
    "quantity": 0.3,
    "unitPrice": 14.7
  },
  {
    "name": "Soft Taco Kit Mexican Style",
    "url": "https://www.coles.com.au/product/old-el-paso-soft-taco-kit-mexican-style-405g-5540231",
    "img": "https://productimages.coles.com.au/productimages/5/5540231.jpg",
    "price": 5.95,
    "quantity": 0.405,
    "unitPrice": 14.7
  },
  {
    "name": "Tomato Sauce",
    "url": "https://www.coles.com.au/product/all-gold-tomato-sauce-500ml-3714455",
    "img": "https://productimages.coles.com.au/productimages/3/3714455.jpg",
    "price": 7.35,
    "quantity": 0.5,
    "unitPrice": 14.7
  },
  {
    "name": "Ramen Tokyo Shoyu Noodles 5 Pack",
    "url": "https://www.coles.com.au/product/nissin-ramen-tokyo-shoyu-noodles-5-pack-530g-3273564",
    "img": "https://productimages.coles.com.au/productimages/3/3273564.jpg",
    "price": 7.8,
    "quantity": 0.53,
    "unitPrice": 14.7
  },
  {
    "name": "Hokkaido Miso Noodles 5 Pack",
    "url": "https://www.coles.com.au/product/nissin-hokkaido-miso-noodles-5-pack-530g-3293062",
    "img": "https://productimages.coles.com.au/productimages/3/3293062.jpg",
    "price": 7.8,
    "quantity": 0.53,
    "unitPrice": 14.7
  },
  {
    "name": "Ramen Kyushu Black Noodle",
    "url": "https://www.coles.com.au/product/nissin-ramen-kyushu-black-noodle-530g-3308750",
    "img": "https://productimages.coles.com.au/productimages/3/3308750.jpg",
    "price": 7.8,
    "quantity": 0.53,
    "unitPrice": 14.7
  },
  {
    "name": "Butter Biscuits",
    "url": "https://www.coles.com.au/product/good-day-butter-biscuits-231g-2235785",
    "img": "https://productimages.coles.com.au/productimages/2/2235785.jpg",
    "price": 3.4,
    "quantity": 0.231,
    "unitPrice": 14.7
  },
  {
    "name": "Stir Fry Sauce Honey & Soy",
    "url": "https://www.coles.com.au/product/lee-kum-kee-stir-fry-sauce-honey-&-soy-268g-5020468",
    "img": "https://productimages.coles.com.au/productimages/5/5020468.jpg",
    "price": 3.95,
    "quantity": 0.268,
    "unitPrice": 14.7
  },
  {
    "name": "Pure Australian Honey Squeeze",
    "url": "https://www.coles.com.au/product/coles-pure-australian-honey-squeeze-375g-7570029",
    "img": "https://productimages.coles.com.au/productimages/7/7570029.jpg",
    "price": 5.5,
    "quantity": 0.375,
    "unitPrice": 14.7
  },
  {
    "name": "100% Pure Australian Honey Tub",
    "url": "https://www.coles.com.au/product/beechworth-honey-100%-pure-australian-honey-tub-1.5kg-2624390",
    "img": "https://productimages.coles.com.au/productimages/2/2624390.jpg",
    "price": 22,
    "quantity": 1.5,
    "unitPrice": 14.7
  },
  {
    "name": "Original BBQ Sauce",
    "url": "https://www.coles.com.au/product/stubb's-original-bbq-sauce-510g-3267390",
    "img": "https://productimages.coles.com.au/productimages/3/3267390.jpg",
    "price": 7.5,
    "quantity": 0.51,
    "unitPrice": 14.7
  },
  {
    "name": "Hickory Bourbon BBQ Sauce",
    "url": "https://www.coles.com.au/product/stubb's-hickory-bourbon-bbq-sauce-510g-3267426",
    "img": "https://productimages.coles.com.au/productimages/3/3267426.jpg",
    "price": 7.5,
    "quantity": 0.51,
    "unitPrice": 14.7
  },
  {
    "name": "Gluten Free Red Wine & Tomato Pasta Sauce",
    "url": "https://www.coles.com.au/product/fodmapped-gluten-free-red-wine-&-tomato-pasta-sauce-375g-1755713",
    "img": "https://productimages.coles.com.au/productimages/1/1755713.jpg",
    "price": 5.5,
    "quantity": 0.375,
    "unitPrice": 14.7
  },
  {
    "name": "Original BBQ Sauce",
    "url": "https://www.coles.com.au/product/stubb's-original-bbq-sauce-510g-3267390",
    "img": "https://productimages.coles.com.au/productimages/3/3267390.jpg",
    "price": 7.5,
    "quantity": 0.51,
    "unitPrice": 14.7
  },
  {
    "name": "Hickory Bourbon BBQ Sauce",
    "url": "https://www.coles.com.au/product/stubb's-hickory-bourbon-bbq-sauce-510g-3267426",
    "img": "https://productimages.coles.com.au/productimages/3/3267426.jpg",
    "price": 7.5,
    "quantity": 0.51,
    "unitPrice": 14.7
  },
  {
    "name": "Ice Cream Plant Based Vanilla 4 pack",
    "url": "https://www.coles.com.au/product/drumstick-ice-cream-plant-based-vanilla-4-pack-476ml-4838409",
    "img": "https://productimages.coles.com.au/productimages/4/4838409.jpg",
    "price": 7,
    "quantity": 0.476,
    "unitPrice": 14.7
  },
  {
    "name": "Only Organic Extra Virgin Coconut Oil",
    "url": "https://www.woolworths.com.au/shop/productdetails/573467",
    "img": "https://cdn0.woolworths.media/content/wowproductimages/medium/573467.jpg",
    "price": 4.4,
    "quantity": 0.3,
    "unitPrice": 14.7
  },
  {
    "name": "Woolworths Pure Honey Twist & Squeeze",
    "url": "https://www.woolworths.com.au/shop/productdetails/753976",
    "img": "https://cdn0.woolworths.media/content/wowproductimages/medium/753976.jpg",
    "price": 5.5,
    "quantity": 0.375,
    "unitPrice": 14.7
  },
  {
    "name": "Beechworth 100% Pure Australian Honey Tub",
    "url": "https://www.woolworths.com.au/shop/productdetails/250371",
    "img": "https://cdn0.woolworths.media/content/wowproductimages/medium/250371.jpg",
    "price": 22,
    "quantity": 1.5,
    "unitPrice": 14.7
  },
  {
    "name": "Stubb's Original Bbq Sauce Sauce",
    "url": "https://www.woolworths.com.au/shop/productdetails/733355",
    "img": "https://cdn0.woolworths.media/content/wowproductimages/medium/733355.jpg",
    "price": 7.5,
    "quantity": 0.51,
    "unitPrice": 14.7
  },
  {
    "name": "Stubb's Hickory Bourbon Bbq Sauce Sauce",
    "url": "https://www.woolworths.com.au/shop/productdetails/733363",
    "img": "https://cdn0.woolworths.media/content/wowproductimages/medium/733363.jpg",
    "price": 7.5,
    "quantity": 0.51,
    "unitPrice": 14.7
  },
  {
    "name": "Stubb's Sticky Sweet Bbq Sauce",
    "url": "https://www.woolworths.com.au/shop/productdetails/95915",
    "img": "https://cdn0.woolworths.media/content/wowproductimages/medium/095915.jpg",
    "price": 7.5,
    "quantity": 0.51,
    "unitPrice": 14.7
  },
  {
    "name": "Blueberries",
    "url": "https://www.coles.com.au/product/coles-blueberries-170g-3571948",
    "img": "https://productimages.coles.com.au/productimages/3/3571948.jpg",
    "price": 2.5,
    "quantity": 0.17,
    "unitPrice": 14.71
  },
  {
    "name": "Blueberries",
    "url": "https://www.coles.com.au/product/coles-blueberries-170g-3571948",
    "img": "https://productimages.coles.com.au/productimages/3/3571948.jpg",
    "price": 2.5,
    "quantity": 0.17,
    "unitPrice": 14.71
  },
  {
    "name": "Super Crumb Seeds & Grains",
    "url": "https://www.coles.com.au/product/birds-eye-super-crumb-seeds-&-grains-425g-4506012",
    "img": "https://productimages.coles.com.au/productimages/4/4506012.jpg",
    "price": 6.25,
    "quantity": 0.425,
    "unitPrice": 14.71
  },
  {
    "name": "John West Passionfruit Pulp In Syrup",
    "url": "https://www.woolworths.com.au/shop/productdetails/43915",
    "img": "https://cdn0.woolworths.media/content/wowproductimages/medium/043915.jpg",
    "price": 2.5,
    "quantity": 0.17,
    "unitPrice": 14.71
  },
  {
    "name": "Pacific Tuna Chilli",
    "url": "https://www.coles.com.au/product/coles-pacific-tuna-chilli-95g-3613786",
    "img": "https://productimages.coles.com.au/productimages/3/3613786.jpg",
    "price": 1.4,
    "quantity": 0.095,
    "unitPrice": 14.74
  },
  {
    "name": "Pacific Tuna In Olive Oil",
    "url": "https://www.coles.com.au/product/coles-pacific-tuna-in-olive-oil-95g-3613888",
    "img": "https://productimages.coles.com.au/productimages/3/3613888.jpg",
    "price": 1.4,
    "quantity": 0.095,
    "unitPrice": 14.74
  },
  {
    "name": "Pacific Tuna In Spring Water",
    "url": "https://www.coles.com.au/product/coles-pacific-tuna-in-spring-water-95g-3614010",
    "img": "https://productimages.coles.com.au/productimages/3/3614010.jpg",
    "price": 1.4,
    "quantity": 0.095,
    "unitPrice": 14.74
  },
  {
    "name": "Woolworths Yellowfin Tuna In Oil",
    "url": "https://www.woolworths.com.au/shop/productdetails/941584",
    "img": "https://cdn0.woolworths.media/content/wowproductimages/medium/941584.jpg",
    "price": 1.4,
    "quantity": 0.095,
    "unitPrice": 14.74
  },
  {
    "name": "Woolworths Yellowfin Tuna In Chilli & Oil",
    "url": "https://www.woolworths.com.au/shop/productdetails/941586",
    "img": "https://cdn0.woolworths.media/content/wowproductimages/medium/941586.jpg",
    "price": 1.4,
    "quantity": 0.095,
    "unitPrice": 14.74
  },
  {
    "name": "Woolworths Yellowfin Tuna In Springwater",
    "url": "https://www.woolworths.com.au/shop/productdetails/941583",
    "img": "https://cdn0.woolworths.media/content/wowproductimages/medium/941583.jpg",
    "price": 1.4,
    "quantity": 0.095,
    "unitPrice": 14.74
  },
  {
    "name": "Beef Rissoles",
    "url": "https://www.coles.com.au/product/coles-beef-rissoles-440g-2728057",
    "img": "https://productimages.coles.com.au/productimages/2/2728057.jpg",
    "price": 6.5,
    "quantity": 0.44,
    "unitPrice": 14.77
  },
  {
    "name": "Woolworths Crumbed Chicken Burgers",
    "url": "https://www.woolworths.com.au/shop/productdetails/134038",
    "img": "https://cdn0.woolworths.media/content/wowproductimages/medium/134038.jpg",
    "price": 6.5,
    "quantity": 0.44,
    "unitPrice": 14.77
  },
  {
    "name": "Woolworths Chicken Burgers Salt & Pepper",
    "url": "https://www.woolworths.com.au/shop/productdetails/134040",
    "img": "https://cdn0.woolworths.media/content/wowproductimages/medium/134040.jpg",
    "price": 6.5,
    "quantity": 0.44,
    "unitPrice": 14.77
  },
  {
    "name": "Pure Valley Salted Butter",
    "url": "https://www.aldi.com.au/en/groceries/fresh-produce/dairy-eggs/dairy-eggs-detail/ps/p/pure-valley-salted-butter-250g/",
    "img": "https://www.aldi.com.au/fileadmin/_processed_/b/b/csm_1001829-2_Q1-WEB-AUDIT_DAIRY-EGGS_1x1_228x128_16_RET_c57c0b709d.png",
    "price": 3.69,
    "quantity": 0.249,
    "unitPrice": 14.8
  },
  {
    "name": "Pure Valley Unsalted Butter",
    "url": "https://www.aldi.com.au/en/groceries/fresh-produce/dairy-eggs/dairy-eggs-detail/ps/p/pure-valley-unsalted-butter-250g/",
    "img": "https://www.aldi.com.au/fileadmin/_processed_/d/9/csm_1002370-4_Q3_WEB_AUDIT_1x1_228x128_1_RET_c09bb28b42.png",
    "price": 3.69,
    "quantity": 0.249,
    "unitPrice": 14.8
  },
  {
    "name": "Unsalted Butter",
    "url": "https://www.coles.com.au/product/coles-unsalted-butter-250g-3169879",
    "img": "https://productimages.coles.com.au/productimages/3/3169879.jpg",
    "price": 3.7,
    "quantity": 0.25,
    "unitPrice": 14.8
  },
  {
    "name": "Classic Corn Flakes Cereal",
    "url": "https://www.coles.com.au/product/freedom-classic-corn-flakes-cereal-270g-5235500",
    "img": "https://productimages.coles.com.au/productimages/5/5235500.jpg",
    "price": 4,
    "quantity": 0.27,
    "unitPrice": 14.8
  },
  {
    "name": "Original Piccalilli",
    "url": "https://www.coles.com.au/product/bartons-original-piccalilli-270g-1229379",
    "img": "https://productimages.coles.com.au/productimages/1/1229379.jpg",
    "price": 4,
    "quantity": 0.27,
    "unitPrice": 14.8
  },
  {
    "name": "Organic Soba Noodles",
    "url": "https://www.coles.com.au/product/hakubaku-organic-soba-noodles-270g-9434666",
    "img": "https://productimages.coles.com.au/productimages/9/9434666.jpg",
    "price": 4,
    "quantity": 0.27,
    "unitPrice": 14.8
  },
  {
    "name": "Organic Udon Noodles",
    "url": "https://www.coles.com.au/product/hakubaku-organic-udon-noodles-270g-9434677",
    "img": "https://productimages.coles.com.au/productimages/9/9434677.jpg",
    "price": 4,
    "quantity": 0.27,
    "unitPrice": 14.8
  },
  {
    "name": "Organic Ramen Noodles",
    "url": "https://www.coles.com.au/product/hakubaku-organic-ramen-noodles-270g-9757235",
    "img": "https://productimages.coles.com.au/productimages/9/9757235.jpg",
    "price": 4,
    "quantity": 0.27,
    "unitPrice": 14.8
  },
  {
    "name": "Rustica Sourdough Cremini Mushroom Pizza",
    "url": "https://www.coles.com.au/product/mccain-rustica-sourdough-cremini-mushroom-pizza-445g-6839606",
    "img": "https://productimages.coles.com.au/productimages/6/6839606.jpg",
    "price": 6.6,
    "quantity": 0.445,
    "unitPrice": 14.8
  },
  {
    "name": "Essentials Salted Butter",
    "url": "https://www.woolworths.com.au/shop/productdetails/48649",
    "img": "https://cdn0.woolworths.media/content/wowproductimages/medium/048649.jpg",
    "price": 3.7,
    "quantity": 0.25,
    "unitPrice": 14.8
  },
  {
    "name": "Dollar Sweets Vegetarian Rainbow Sprinkles",
    "url": "https://www.woolworths.com.au/shop/productdetails/803604",
    "img": "https://cdn0.woolworths.media/content/wowproductimages/medium/803604.jpg",
    "price": 2.3,
    "quantity": 0.155,
    "unitPrice": 14.8
  },
  {
    "name": "Red Seedless Grapes",
    "url": "https://www.coles.com.au/product/coles-red-seedless-grapes-approx.-900g-each-6706191",
    "img": "https://productimages.coles.com.au/productimages/6/6706191.jpg",
    "price": 13.41,
    "quantity": 0.9,
    "unitPrice": 14.9
  },
  {
    "name": "Red Seedless Grapes",
    "url": "https://www.coles.com.au/product/coles-red-seedless-grapes-approx.-900g-each-6706191",
    "img": "https://productimages.coles.com.au/productimages/6/6706191.jpg",
    "price": 13.41,
    "quantity": 0.9,
    "unitPrice": 14.9
  },
  {
    "name": "Dairy Strasburg Knob",
    "url": "https://www.coles.com.au/product/don-dairy-strasburg-knob-500g-5249527",
    "img": "https://productimages.coles.com.au/productimages/5/5249527.jpg",
    "price": 7.45,
    "quantity": 0.5,
    "unitPrice": 14.9
  },
  {
    "name": "Croissants 4 Pack",
    "url": "https://www.coles.com.au/product/coles-bakery-croissants-4-pack-168g-7266367",
    "img": "https://productimages.coles.com.au/productimages/7/7266367.jpg",
    "price": 2.5,
    "quantity": 0.168,
    "unitPrice": 14.9
  },
  {
    "name": "Dairy Strasburg Knob",
    "url": "https://www.coles.com.au/product/don-dairy-strasburg-knob-500g-5249527",
    "img": "https://productimages.coles.com.au/productimages/5/5249527.jpg",
    "price": 7.45,
    "quantity": 0.5,
    "unitPrice": 14.9
  },
  {
    "name": "Dairy Strasburg Knob",
    "url": "https://www.coles.com.au/product/don-dairy-strasburg-knob-500g-5249527",
    "img": "https://productimages.coles.com.au/productimages/5/5249527.jpg",
    "price": 7.45,
    "quantity": 0.5,
    "unitPrice": 14.9
  },
  {
    "name": "Plus Antioxidant Cereal",
    "url": "https://www.coles.com.au/product/uncle-tobys-plus-antioxidant-cereal-435g-8953282",
    "img": "https://productimages.coles.com.au/productimages/8/8953282.jpg",
    "price": 6.5,
    "quantity": 0.435,
    "unitPrice": 14.9
  },
  {
    "name": "2 Minute Instant Noodles Wholegrain Beef Flavour 5 Pack",
    "url": "https://www.coles.com.au/product/maggi-2-minute-instant-noodles-wholegrain-beef-flavour-5-pack-335g-2453141",
    "img": "https://productimages.coles.com.au/productimages/2/2453141.jpg",
    "price": 5,
    "quantity": 0.335,
    "unitPrice": 14.9
  },
  {
    "name": "Top N Fill Caramel",
    "url": "https://www.coles.com.au/product/nestle-top-n-fill-caramel-395g-3968680",
    "img": "https://productimages.coles.com.au/productimages/3/3968680.jpg",
    "price": 5.9,
    "quantity": 0.395,
    "unitPrice": 14.9
  },
  {
    "name": "Meat Free Steak Style Pie",
    "url": "https://www.coles.com.au/product/frys-meat-free-steak-style-pie-350g-5161448",
    "img": "https://productimages.coles.com.au/productimages/5/5161448.jpg",
    "price": 5.2,
    "quantity": 0.35,
    "unitPrice": 14.9
  },
  {
    "name": "Chicken Cheese & Pasta",
    "url": "https://www.coles.com.au/product/lean-cuisine-chicken-cheese-&-pasta-375g-3866511",
    "img": "https://productimages.coles.com.au/productimages/3/3866511.jpg",
    "price": 5.6,
    "quantity": 0.375,
    "unitPrice": 14.9
  },
  {
    "name": "Sundried Tomato & Chicken",
    "url": "https://www.coles.com.au/product/lean-cuisine-sundried-tomato-&-chicken-375g-3866522",
    "img": "https://productimages.coles.com.au/productimages/3/3866522.jpg",
    "price": 5.6,
    "quantity": 0.375,
    "unitPrice": 14.9
  },
  {
    "name": "Indian Butter Chicken",
    "url": "https://www.coles.com.au/product/lean-cuisine-indian-butter-chicken-375g-3866533",
    "img": "https://productimages.coles.com.au/productimages/3/3866533.jpg",
    "price": 5.6,
    "quantity": 0.375,
    "unitPrice": 14.9
  },
  {
    "name": "Thai Red Chicken Curry",
    "url": "https://www.coles.com.au/product/lean-cuisine-thai-red-chicken-curry-375g-3867183",
    "img": "https://productimages.coles.com.au/productimages/3/3867183.jpg",
    "price": 5.6,
    "quantity": 0.375,
    "unitPrice": 14.9
  },
  {
    "name": "Wonder Soft White Gluten Free",
    "url": "https://www.woolworths.com.au/shop/productdetails/236078",
    "img": "https://cdn0.woolworths.media/content/wowproductimages/medium/236078.jpg",
    "price": 7,
    "quantity": 0.47,
    "unitPrice": 14.9
  },
  {
    "name": "Kellogg's Nutri-grain Choc Malt Flavour Breakfast Cereal",
    "url": "https://www.woolworths.com.au/shop/productdetails/260055",
    "img": "https://cdn0.woolworths.media/content/wowproductimages/medium/260055.jpg",
    "price": 6.5,
    "quantity": 0.435,
    "unitPrice": 14.9
  },
  {
    "name": "Green's Temptations Choc Chip Buttermilk Pancake Shake",
    "url": "https://www.woolworths.com.au/shop/productdetails/85049",
    "img": "https://cdn0.woolworths.media/content/wowproductimages/medium/085049.jpg",
    "price": 5,
    "quantity": 0.335,
    "unitPrice": 14.9
  },
  {
    "name": "Nestle Top N Fill Caramel",
    "url": "https://www.woolworths.com.au/shop/productdetails/85133",
    "img": "https://cdn0.woolworths.media/content/wowproductimages/medium/085133.jpg",
    "price": 5.9,
    "quantity": 0.395,
    "unitPrice": 14.9
  },
  {
    "name": "Green's Temptations Choc Chip Buttermilk Pancake Shake",
    "url": "https://www.woolworths.com.au/shop/productdetails/85049",
    "img": "https://cdn0.woolworths.media/content/wowproductimages/medium/085049.jpg",
    "price": 5,
    "quantity": 0.335,
    "unitPrice": 14.9
  },
  {
    "name": "Emporium Selection Danish Style Fetta Cheese",
    "url": "https://www.aldi.com.au/en/groceries/fresh-produce/dairy-eggs/dairy-eggs-detail/ps/p/emporium-selection-danish-style-fetta-cheese-200g/",
    "img": "https://www.aldi.com.au/fileadmin/_processed_/b/a/csm_ALN1000838-3_AWARDS_1x1_228x128_2_877d7f684f.jpg",
    "price": 2.99,
    "quantity": 0.2,
    "unitPrice": 14.95
  },
  {
    "name": "Emporium Selection Greek Style Fetta Cheese",
    "url": "https://www.aldi.com.au/en/groceries/fresh-produce/dairy-eggs/dairy-eggs-detail/ps/p/emporium-selection-greek-style-fetta-cheese-200g/",
    "img": "https://www.aldi.com.au/fileadmin/_processed_/d/c/csm_ALN1000838-3_AWARDS_1x1_228x128_3_6211a449db.jpg",
    "price": 2.99,
    "quantity": 0.2,
    "unitPrice": 14.95
  },
  {
    "name": "Tasty Cheese Block",
    "url": "https://www.coles.com.au/product/cheer-tasty-cheese-block-1kg-192411",
    "img": "https://productimages.coles.com.au/productimages/1/192411.jpg",
    "price": 14.95,
    "quantity": 1,
    "unitPrice": 14.95
  },
  {
    "name": "Dry Greek Figs",
    "url": "https://www.coles.com.au/product/gaganis-dry-greek-figs-284g-9802136",
    "img": "https://productimages.coles.com.au/productimages/9/9802136.jpg",
    "price": 4.25,
    "quantity": 0.284,
    "unitPrice": 14.97
  },
  {
    "name": "Oh So Natural Virgin Olive Oil",
    "url": "https://www.aldi.com.au/en/groceries/pantry/olive-oil/olive-oil-detail/ps/p/oh-so-natural-virgin-olive-oil-500ml/",
    "img": "https://www.aldi.com.au/fileadmin/_processed_/f/b/csm_1001829-1_Q1-WEB-AUDIT_OLIVE-OIL_1x1_228x128_6_RET_df25927383.png",
    "price": 7.49,
    "quantity": 0.5,
    "unitPrice": 15
  },
  {
    "name": "Choceur Chocolate Blocks",
    "url": "https://www.aldi.com.au/en/groceries/super-savers/super-savers-detail/ps/p/choceur-chocolate-blocks-200g/",
    "img": "https://www.aldi.com.au/fileadmin/_processed_/1/3/csm_1002494_1x1_OCT-B1_228x128__4_RET_671af9e370.png",
    "price": 2.99,
    "quantity": 0.2,
    "unitPrice": 15
  },
  {
    "name": "Protane Keratin Shampoo or Conditioner",
    "url": "https://www.aldi.com.au/en/groceries/limited-time-only/limited-time-only-detail/ps/p/protane-keratin-shampoo-or-conditioner-400ml/",
    "img": "https://www.aldi.com.au/fileadmin/_processed_/6/7/csm_713111_DE_Q_01_1x1_0afa23c115.png",
    "price": 5.99,
    "quantity": 0.4,
    "unitPrice": 15
  },
  {
    "name": "Protane Keratin Shampoo or Conditioner",
    "url": "https://www.aldi.com.au/en/groceries/limited-time-only/limited-time-only-detail/ps/p/protane-keratin-shampoo-or-conditioner-400ml/",
    "img": "https://www.aldi.com.au/fileadmin/_processed_/6/7/csm_713111_DE_Q_01_1x1_0afa23c115.png",
    "price": 5.99,
    "quantity": 0.4,
    "unitPrice": 15
  },
  {
    "name": "Kitchen Mixed Asian Vegetables Stir Fry",
    "url": "https://www.coles.com.au/product/coles-kitchen-mixed-asian-vegetables-stir-fry-300g-4229772",
    "img": "https://productimages.coles.com.au/productimages/4/4229772.jpg",
    "price": 4.5,
    "quantity": 0.3,
    "unitPrice": 15
  },
  {
    "name": "Fresh Chillies Mixed",
    "url": "https://www.coles.com.au/product/coles-fresh-chillies-mixed-200g-3884820",
    "img": "https://productimages.coles.com.au/productimages/3/3884820.jpg",
    "price": 3,
    "quantity": 0.2,
    "unitPrice": 15
  },
  {
    "name": "Glasshouse Grape Tomatoes",
    "url": "https://www.coles.com.au/product/coles-glasshouse-grape-tomatoes-200g-4498173",
    "img": "https://productimages.coles.com.au/productimages/4/4498173.jpg",
    "price": 3,
    "quantity": 0.2,
    "unitPrice": 15
  },
  {
    "name": "4 Leaf Salad Mix",
    "url": "https://www.coles.com.au/product/coles-4-leaf-salad-mix-200g-8209722",
    "img": "https://productimages.coles.com.au/productimages/8/8209722.jpg",
    "price": 3,
    "quantity": 0.2,
    "unitPrice": 15
  },
  {
    "name": "Dried Apricots",
    "url": "https://www.coles.com.au/product/coles-dried-apricots-400g-2149231",
    "img": "https://productimages.coles.com.au/productimages/2/2149231.jpg",
    "price": 6,
    "quantity": 0.4,
    "unitPrice": 15
  },
  {
    "name": "Sweet Chilli & Lime Soy Crisps",
    "url": "https://www.coles.com.au/product/coles-sweet-chilli-&-lime-soy-crisps-400g-3505444",
    "img": "https://productimages.coles.com.au/productimages/3/3505444.jpg",
    "price": 6,
    "quantity": 0.4,
    "unitPrice": 15
  },
  {
    "name": "Jumbo Value Pack Baby Spinach",
    "url": "https://www.coles.com.au/product/coles-jumbo-value-pack-baby-spinach-400g-5040396",
    "img": "https://productimages.coles.com.au/productimages/5/5040396.jpg",
    "price": 6,
    "quantity": 0.4,
    "unitPrice": 15
  },
  {
    "name": "Organic Zucchini",
    "url": "https://www.coles.com.au/product/coles-organic-zucchini-500g-5032219",
    "img": "https://productimages.coles.com.au/productimages/5/5032219.jpg",
    "price": 7.5,
    "quantity": 0.5,
    "unitPrice": 15
  },
  {
    "name": "Kitchen Mixed Asian Vegetables Stir Fry",
    "url": "https://www.coles.com.au/product/coles-kitchen-mixed-asian-vegetables-stir-fry-300g-4229772",
    "img": "https://productimages.coles.com.au/productimages/4/4229772.jpg",
    "price": 4.5,
    "quantity": 0.3,
    "unitPrice": 15
  },
  {
    "name": "Fresh Chillies Mixed",
    "url": "https://www.coles.com.au/product/coles-fresh-chillies-mixed-200g-3884820",
    "img": "https://productimages.coles.com.au/productimages/3/3884820.jpg",
    "price": 3,
    "quantity": 0.2,
    "unitPrice": 15
  },
  {
    "name": "Glasshouse Grape Tomatoes",
    "url": "https://www.coles.com.au/product/coles-glasshouse-grape-tomatoes-200g-4498173",
    "img": "https://productimages.coles.com.au/productimages/4/4498173.jpg",
    "price": 3,
    "quantity": 0.2,
    "unitPrice": 15
  },
  {
    "name": "4 Leaf Salad Mix",
    "url": "https://www.coles.com.au/product/coles-4-leaf-salad-mix-200g-8209722",
    "img": "https://productimages.coles.com.au/productimages/8/8209722.jpg",
    "price": 3,
    "quantity": 0.2,
    "unitPrice": 15
  },
  {
    "name": "Dried Apricots",
    "url": "https://www.coles.com.au/product/coles-dried-apricots-400g-2149231",
    "img": "https://productimages.coles.com.au/productimages/2/2149231.jpg",
    "price": 6,
    "quantity": 0.4,
    "unitPrice": 15
  },
  {
    "name": "Sweet Chilli & Lime Soy Crisps",
    "url": "https://www.coles.com.au/product/coles-sweet-chilli-&-lime-soy-crisps-400g-3505444",
    "img": "https://productimages.coles.com.au/productimages/3/3505444.jpg",
    "price": 6,
    "quantity": 0.4,
    "unitPrice": 15
  },
  {
    "name": "Jumbo Value Pack Baby Spinach",
    "url": "https://www.coles.com.au/product/coles-jumbo-value-pack-baby-spinach-400g-5040396",
    "img": "https://productimages.coles.com.au/productimages/5/5040396.jpg",
    "price": 6,
    "quantity": 0.4,
    "unitPrice": 15
  },
  {
    "name": "Organic Zucchini",
    "url": "https://www.coles.com.au/product/coles-organic-zucchini-500g-5032219",
    "img": "https://productimages.coles.com.au/productimages/5/5032219.jpg",
    "price": 7.5,
    "quantity": 0.5,
    "unitPrice": 15
  },
  {
    "name": "Wonton Wrappers",
    "url": "https://www.coles.com.au/product/supreme-wonton-wrappers-250g-4614376",
    "img": "https://productimages.coles.com.au/productimages/4/4614376.jpg",
    "price": 3.75,
    "quantity": 0.25,
    "unitPrice": 15
  },
  {
    "name": "Salt Reduced Butter",
    "url": "https://www.coles.com.au/product/devondale-salt-reduced-butter-500g-5017496",
    "img": "https://productimages.coles.com.au/productimages/5/5017496.jpg",
    "price": 7.5,
    "quantity": 0.5,
    "unitPrice": 15
  },
  {
    "name": "Regular Butter",
    "url": "https://www.coles.com.au/product/devondale-regular-butter-500g-5017500",
    "img": "https://productimages.coles.com.au/productimages/5/5017500.jpg",
    "price": 7.5,
    "quantity": 0.5,
    "unitPrice": 15
  },
  {
    "name": "Regular Butter Blend",
    "url": "https://www.coles.com.au/product/devondale-regular-butter-blend-500g-5047613",
    "img": "https://productimages.coles.com.au/productimages/5/5047613.jpg",
    "price": 7.5,
    "quantity": 0.5,
    "unitPrice": 15
  },
  {
    "name": "Thin & Crispy Medium Pizza Bases 2 Pack",
    "url": "https://www.coles.com.au/product/coles-thin-&-crispy-medium-pizza-bases-2-pack-200g-1997177",
    "img": "https://productimages.coles.com.au/productimages/1/1997177.jpg",
    "price": 3,
    "quantity": 0.2,
    "unitPrice": 15
  },
  {
    "name": "Burger Thins",
    "url": "https://www.coles.com.au/product/tip-top-burger-thins-200g-3612706",
    "img": "https://productimages.coles.com.au/productimages/3/3612706.jpg",
    "price": 3,
    "quantity": 0.2,
    "unitPrice": 15
  },
  {
    "name": "Festive Pfeffernusse",
    "url": "https://www.coles.com.au/product/coles-festive-pfeffernusse-200g-3803566",
    "img": "https://productimages.coles.com.au/productimages/3/3803566.jpg",
    "price": 3,
    "quantity": 0.2,
    "unitPrice": 15
  },
  {
    "name": "Carrot Cake",
    "url": "https://www.coles.com.au/product/coles-carrot-cake-400g-5577016",
    "img": "https://productimages.coles.com.au/productimages/5/5577016.jpg",
    "price": 6,
    "quantity": 0.4,
    "unitPrice": 15
  },
  {
    "name": "Banana Caramel Cake",
    "url": "https://www.coles.com.au/product/coles-banana-caramel-cake-400g-5577038",
    "img": "https://productimages.coles.com.au/productimages/5/5577038.jpg",
    "price": 6,
    "quantity": 0.4,
    "unitPrice": 15
  },
  {
    "name": "Traditional Sponge Cream Filled Iced",
    "url": "https://www.coles.com.au/product/coles-bakery-traditional-sponge-cream-filled-iced-450g-5523582",
    "img": "https://productimages.coles.com.au/productimages/5/5523582.jpg",
    "price": 6.75,
    "quantity": 0.45,
    "unitPrice": 15
  },
  {
    "name": "Gluten Free 5 Seeds Bread",
    "url": "https://www.coles.com.au/product/helga's-gluten-free-5-seeds-bread-500g-3237946",
    "img": "https://productimages.coles.com.au/productimages/3/3237946.jpg",
    "price": 7.5,
    "quantity": 0.5,
    "unitPrice": 15
  },
  {
    "name": "Gluten Free Traditional Wholemeal Bread ",
    "url": "https://www.coles.com.au/product/helga's-gluten-free-traditional-wholemeal-bread--500g-3237957",
    "img": "https://productimages.coles.com.au/productimages/3/3237957.jpg",
    "price": 7.5,
    "quantity": 0.5,
    "unitPrice": 15
  },
  {
    "name": "Gluten Free Mixed Grain Bread",
    "url": "https://www.coles.com.au/product/helga's-gluten-free-mixed-grain-bread-500g-3237968",
    "img": "https://productimages.coles.com.au/productimages/3/3237968.jpg",
    "price": 7.5,
    "quantity": 0.5,
    "unitPrice": 15
  },
  {
    "name": "Complete Protein Bread",
    "url": "https://www.coles.com.au/product/herman-brot-complete-protein-bread-500g-4654133",
    "img": "https://productimages.coles.com.au/productimages/4/4654133.jpg",
    "price": 7.5,
    "quantity": 0.5,
    "unitPrice": 15
  },
  {
    "name": "Diced Dates",
    "url": "https://www.coles.com.au/product/coles-diced-dates-200g-5466026",
    "img": "https://productimages.coles.com.au/productimages/5/5466026.jpg",
    "price": 3,
    "quantity": 0.2,
    "unitPrice": 15
  },
  {
    "name": "Bakers' Choice Baking Dark Chocolate Bits",
    "url": "https://www.coles.com.au/product/nestle-bakers'-choice-baking-dark-chocolate-bits-200g-299903",
    "img": "https://productimages.coles.com.au/productimages/2/299903.jpg",
    "price": 3,
    "quantity": 0.2,
    "unitPrice": 15
  },
  {
    "name": "Diced Apricots",
    "url": "https://www.coles.com.au/product/coles-diced-apricots-200g-4448663",
    "img": "https://productimages.coles.com.au/productimages/4/4448663.jpg",
    "price": 3,
    "quantity": 0.2,
    "unitPrice": 15
  },
  {
    "name": "Stuffing Mix Seasoned",
    "url": "https://www.coles.com.au/product/tandaco-stuffing-mix-seasoned-200g-5138140",
    "img": "https://productimages.coles.com.au/productimages/5/5138140.jpg",
    "price": 3,
    "quantity": 0.2,
    "unitPrice": 15
  },
  {
    "name": "Bakers' Choice Baking White Chocolate Bits",
    "url": "https://www.coles.com.au/product/nestle-bakers'-choice-baking-white-chocolate-bits-200g-5222586",
    "img": "https://productimages.coles.com.au/productimages/5/5222586.jpg",
    "price": 3,
    "quantity": 0.2,
    "unitPrice": 15
  },
  {
    "name": "Dried Apricots",
    "url": "https://www.coles.com.au/product/coles-dried-apricots-400g-2149231",
    "img": "https://productimages.coles.com.au/productimages/2/2149231.jpg",
    "price": 6,
    "quantity": 0.4,
    "unitPrice": 15
  },
  {
    "name": "Sweet Chilli & Lime Soy Crisps",
    "url": "https://www.coles.com.au/product/coles-sweet-chilli-&-lime-soy-crisps-400g-3505444",
    "img": "https://productimages.coles.com.au/productimages/3/3505444.jpg",
    "price": 6,
    "quantity": 0.4,
    "unitPrice": 15
  },
  {
    "name": "Bakers' Choice Baking Dark Chocolate Bits",
    "url": "https://www.coles.com.au/product/nestle-bakers'-choice-baking-dark-chocolate-bits-200g-299903",
    "img": "https://productimages.coles.com.au/productimages/2/299903.jpg",
    "price": 3,
    "quantity": 0.2,
    "unitPrice": 15
  },
  {
    "name": "Diced Apricots",
    "url": "https://www.coles.com.au/product/coles-diced-apricots-200g-4448663",
    "img": "https://productimages.coles.com.au/productimages/4/4448663.jpg",
    "price": 3,
    "quantity": 0.2,
    "unitPrice": 15
  },
  {
    "name": "Stuffing Mix Seasoned",
    "url": "https://www.coles.com.au/product/tandaco-stuffing-mix-seasoned-200g-5138140",
    "img": "https://productimages.coles.com.au/productimages/5/5138140.jpg",
    "price": 3,
    "quantity": 0.2,
    "unitPrice": 15
  },
  {
    "name": "Bakers' Choice Baking White Chocolate Bits",
    "url": "https://www.coles.com.au/product/nestle-bakers'-choice-baking-white-chocolate-bits-200g-5222586",
    "img": "https://productimages.coles.com.au/productimages/5/5222586.jpg",
    "price": 3,
    "quantity": 0.2,
    "unitPrice": 15
  },
  {
    "name": "Dried Apricots",
    "url": "https://www.coles.com.au/product/coles-dried-apricots-400g-2149231",
    "img": "https://productimages.coles.com.au/productimages/2/2149231.jpg",
    "price": 6,
    "quantity": 0.4,
    "unitPrice": 15
  },
  {
    "name": "Sweet Chilli & Lime Soy Crisps",
    "url": "https://www.coles.com.au/product/coles-sweet-chilli-&-lime-soy-crisps-400g-3505444",
    "img": "https://productimages.coles.com.au/productimages/3/3505444.jpg",
    "price": 6,
    "quantity": 0.4,
    "unitPrice": 15
  },
  {
    "name": "Pine Mango Mashup Squeezy Pouch",
    "url": "https://www.coles.com.au/product/golden-circle-pine-mango-mashup-squeezy-pouch-120g-1857804",
    "img": "https://productimages.coles.com.au/productimages/1/1857804.jpg",
    "price": 1.8,
    "quantity": 0.12,
    "unitPrice": 15
  },
  {
    "name": "Strawberry Squeeze Squeezy Pouch",
    "url": "https://www.coles.com.au/product/golden-circle-strawberry-squeeze-squeezy-pouch-120g-1857815",
    "img": "https://productimages.coles.com.au/productimages/1/1857815.jpg",
    "price": 1.8,
    "quantity": 0.12,
    "unitPrice": 15
  },
  {
    "name": "Berry Buzz Squeezy Pouch",
    "url": "https://www.coles.com.au/product/golden-circle-berry-buzz-squeezy-pouch-120g-2366295",
    "img": "https://productimages.coles.com.au/productimages/2/2366295.jpg",
    "price": 1.8,
    "quantity": 0.12,
    "unitPrice": 15
  },
  {
    "name": "Apple Pineapple and Banana Tropical Smash",
    "url": "https://www.coles.com.au/product/golden-circle-apple-pineapple-and-banana-tropical-smash-120g-2366309",
    "img": "https://productimages.coles.com.au/productimages/2/2366309.jpg",
    "price": 1.8,
    "quantity": 0.12,
    "unitPrice": 15
  },
  {
    "name": "Noodles Jin Ramen Spicy",
    "url": "https://www.coles.com.au/product/ottogi-noodles-jin-ramen-spicy-120g-3883226",
    "img": "https://productimages.coles.com.au/productimages/3/3883226.jpg",
    "price": 1.8,
    "quantity": 0.12,
    "unitPrice": 15
  },
  {
    "name": "Green Chilli Chutney",
    "url": "https://www.coles.com.au/product/sabrini-green-chilli-chutney-300g-4357251",
    "img": "https://productimages.coles.com.au/productimages/4/4357251.jpg",
    "price": 4.5,
    "quantity": 0.3,
    "unitPrice": 15
  },
  {
    "name": "Tortilla Triangles Taco",
    "url": "https://www.coles.com.au/product/mission-tortilla-triangles-taco-400g-5219876",
    "img": "https://productimages.coles.com.au/productimages/5/5219876.jpg",
    "price": 6,
    "quantity": 0.4,
    "unitPrice": 15
  },
  {
    "name": "Tortilla Triangles Jalapeno Popper",
    "url": "https://www.coles.com.au/product/mission-tortilla-triangles-jalapeno-popper-400g-5220140",
    "img": "https://productimages.coles.com.au/productimages/5/5220140.jpg",
    "price": 6,
    "quantity": 0.4,
    "unitPrice": 15
  },
  {
    "name": "Chicken Tikka Masala Curry",
    "url": "https://www.coles.com.au/product/coco-earth-chicken-tikka-masala-curry-500g-6510837",
    "img": "https://productimages.coles.com.au/productimages/6/6510837.jpg",
    "price": 7.5,
    "quantity": 0.5,
    "unitPrice": 15
  },
  {
    "name": "Mango Chicken Curry",
    "url": "https://www.coles.com.au/product/coco-earth-mango-chicken-curry-500g-6510848",
    "img": "https://productimages.coles.com.au/productimages/6/6510848.jpg",
    "price": 7.5,
    "quantity": 0.5,
    "unitPrice": 15
  },
  {
    "name": "Palak Paneer Curry",
    "url": "https://www.coles.com.au/product/coco-earth-palak-paneer-curry-500g-6511873",
    "img": "https://productimages.coles.com.au/productimages/6/6511873.jpg",
    "price": 7.5,
    "quantity": 0.5,
    "unitPrice": 15
  },
  {
    "name": "Butter Chicken Curry",
    "url": "https://www.coles.com.au/product/coco-earth-butter-chicken-curry-500g-6512050",
    "img": "https://productimages.coles.com.au/productimages/6/6512050.jpg",
    "price": 7.5,
    "quantity": 0.5,
    "unitPrice": 15
  },
  {
    "name": "Pure Australian Honey Pail",
    "url": "https://www.coles.com.au/product/capilano-pure-australian-honey-pail-1kg-161644",
    "img": "https://productimages.coles.com.au/productimages/1/161644.jpg",
    "price": 15,
    "quantity": 1,
    "unitPrice": 15
  },
  {
    "name": "Really Good Crunchy Peanut Butter",
    "url": "https://www.coles.com.au/product/pic's-really-good-crunchy-peanut-butter-1kg-3609009",
    "img": "https://productimages.coles.com.au/productimages/3/3609009.jpg",
    "price": 15,
    "quantity": 1,
    "unitPrice": 15
  },
  {
    "name": "Vine Ripened Tomato And Caramelised Onion Pasta Sauce",
    "url": "https://www.coles.com.au/product/providore-vine-ripened-tomato-and-caramelised-onion-pasta-sauce-400g-4995316",
    "img": "https://productimages.coles.com.au/productimages/4/4995316.jpg",
    "price": 6,
    "quantity": 0.4,
    "unitPrice": 15
  },
  {
    "name": "Vine Ripened Tomato And Red Chilli Paste Sauce",
    "url": "https://www.coles.com.au/product/providore-vine-ripened-tomato-and-red-chilli-paste-sauce-400g-4995407",
    "img": "https://productimages.coles.com.au/productimages/4/4995407.jpg",
    "price": 6,
    "quantity": 0.4,
    "unitPrice": 15
  },
  {
    "name": "Southern Style Chicken Pops",
    "url": "https://www.coles.com.au/product/coles-southern-style-chicken-pops-400g-3187553",
    "img": "https://productimages.coles.com.au/productimages/3/3187553.jpg",
    "price": 6,
    "quantity": 0.4,
    "unitPrice": 15
  },
  {
    "name": "Golden Gaytime Birthday Cake",
    "url": "https://www.coles.com.au/product/streets-golden-gaytime-birthday-cake-400ml-3869644",
    "img": "https://productimages.coles.com.au/productimages/3/3869644.jpg",
    "price": 6,
    "quantity": 0.4,
    "unitPrice": 15
  },
  {
    "name": "Vegan Mushroom And Lentil Pies 2 Pack",
    "url": "https://www.coles.com.au/product/coles-vegan-mushroom-and-lentil-pies-2-pack-400g-3980743",
    "img": "https://productimages.coles.com.au/productimages/3/3980743.jpg",
    "price": 6,
    "quantity": 0.4,
    "unitPrice": 15
  },
  {
    "name": "Plant Based Cheesy Cauliflower Pies 2 pack",
    "url": "https://www.coles.com.au/product/coles-plant-based-cheesy-cauliflower-pies-2-pack-400g-3980754",
    "img": "https://productimages.coles.com.au/productimages/3/3980754.jpg",
    "price": 6,
    "quantity": 0.4,
    "unitPrice": 15
  },
  {
    "name": "Vegan Meat Free Pies 2 Pack",
    "url": "https://www.coles.com.au/product/coles-vegan-meat-free-pies-2-pack-400g-5120892",
    "img": "https://productimages.coles.com.au/productimages/5/5120892.jpg",
    "price": 6,
    "quantity": 0.4,
    "unitPrice": 15
  },
  {
    "name": "Golden Gaytime Oak Chocolate 4 pack",
    "url": "https://www.coles.com.au/product/streets-golden-gaytime-oak-chocolate-4-pack-400ml-5482930",
    "img": "https://productimages.coles.com.au/productimages/5/5482930.jpg",
    "price": 6,
    "quantity": 0.4,
    "unitPrice": 15
  },
  {
    "name": "Golden Gaytime Plant Based 4 pack",
    "url": "https://www.coles.com.au/product/streets-golden-gaytime-plant-based-4-pack-400ml-5482973",
    "img": "https://productimages.coles.com.au/productimages/5/5482973.jpg",
    "price": 6,
    "quantity": 0.4,
    "unitPrice": 15
  },
  {
    "name": "Angus Beef Lasagne",
    "url": "https://www.coles.com.au/product/on-the-menu-angus-beef-lasagne-400g-5638948",
    "img": "https://productimages.coles.com.au/productimages/5/5638948.jpg",
    "price": 6,
    "quantity": 0.4,
    "unitPrice": 15
  },
  {
    "name": "Satay Chicken & Rice",
    "url": "https://www.coles.com.au/product/on-the-menu-satay-chicken-&-rice-400g-5639102",
    "img": "https://productimages.coles.com.au/productimages/5/5639102.jpg",
    "price": 6,
    "quantity": 0.4,
    "unitPrice": 15
  },
  {
    "name": "Loaded Mac & Cheese",
    "url": "https://www.coles.com.au/product/on-the-menu-loaded-mac-&-cheese-400g-5639113",
    "img": "https://productimages.coles.com.au/productimages/5/5639113.jpg",
    "price": 6,
    "quantity": 0.4,
    "unitPrice": 15
  },
  {
    "name": "Bacon & Cheese Cottage Pie",
    "url": "https://www.coles.com.au/product/on-the-menu-bacon-&-cheese-cottage-pie-400g-5639124",
    "img": "https://productimages.coles.com.au/productimages/5/5639124.jpg",
    "price": 6,
    "quantity": 0.4,
    "unitPrice": 15
  },
  {
    "name": "Butter Chicken With Rice",
    "url": "https://www.coles.com.au/product/on-the-menu-butter-chicken-with-rice-400g-5639306",
    "img": "https://productimages.coles.com.au/productimages/5/5639306.jpg",
    "price": 6,
    "quantity": 0.4,
    "unitPrice": 15
  },
  {
    "name": "Golden Gaytime Vanilla Malt Shake 4 Pack",
    "url": "https://www.coles.com.au/product/streets-golden-gaytime-vanilla-malt-shake-4-pack-400ml-6149437",
    "img": "https://productimages.coles.com.au/productimages/6/6149437.jpg",
    "price": 6,
    "quantity": 0.4,
    "unitPrice": 15
  },
  {
    "name": "Frozen Crumbed Chicken Breast Fingers",
    "url": "https://www.coles.com.au/product/steggles-frozen-crumbed-chicken-breast-fingers-400g-6632528",
    "img": "https://productimages.coles.com.au/productimages/6/6632528.jpg",
    "price": 6,
    "quantity": 0.4,
    "unitPrice": 15
  },
  {
    "name": "Golden Gaytime Ice Cream Sticks 4 pack",
    "url": "https://www.coles.com.au/product/streets-golden-gaytime-ice-cream-sticks-4-pack-400ml-9611648",
    "img": "https://productimages.coles.com.au/productimages/9/9611648.jpg",
    "price": 6,
    "quantity": 0.4,
    "unitPrice": 15
  },
  {
    "name": "Frozen Wild Berry Yoghurt",
    "url": "https://www.coles.com.au/product/yo-chi-frozen-wild-berry-yoghurt-500ml-5792904",
    "img": "https://productimages.coles.com.au/productimages/5/5792904.jpg",
    "price": 7.5,
    "quantity": 0.5,
    "unitPrice": 15
  },
  {
    "name": "Frozen Natural Yoghurt",
    "url": "https://www.coles.com.au/product/yo-chi-frozen-natural-yoghurt-500ml-5792915",
    "img": "https://productimages.coles.com.au/productimages/5/5792915.jpg",
    "price": 7.5,
    "quantity": 0.5,
    "unitPrice": 15
  },
  {
    "name": "Frosty Fruits Tropical 8 pack",
    "url": "https://www.coles.com.au/product/peters-frosty-fruits-tropical-8-pack-600ml-372606",
    "img": "https://productimages.coles.com.au/productimages/3/372606.jpg",
    "price": 9,
    "quantity": 0.6,
    "unitPrice": 15
  },
  {
    "name": "Frozen Ham & Pineapple Pizza Slices 6 pack",
    "url": "https://www.coles.com.au/product/mccain-frozen-ham-&-pineapple-pizza-slices-6-pack-600g-5179501",
    "img": "https://productimages.coles.com.au/productimages/5/5179501.jpg",
    "price": 9,
    "quantity": 0.6,
    "unitPrice": 15
  },
  {
    "name": "Frozen Meat Lovers Pizza Slices 6 pack",
    "url": "https://www.coles.com.au/product/mccain-frozen-meat-lovers-pizza-slices-6-pack-600g-8544793",
    "img": "https://productimages.coles.com.au/productimages/8/8544793.jpg",
    "price": 9,
    "quantity": 0.6,
    "unitPrice": 15
  },
  {
    "name": "Frozen Cheese & Bacon Pizza Slices 6 pack",
    "url": "https://www.coles.com.au/product/mccain-frozen-cheese-&-bacon-pizza-slices-6-pack-600g-8544829",
    "img": "https://productimages.coles.com.au/productimages/8/8544829.jpg",
    "price": 9,
    "quantity": 0.6,
    "unitPrice": 15
  },
  {
    "name": "Frozen Fish Fillets With Original Crumb Oven Bake 14 Pieces",
    "url": "https://www.coles.com.au/product/birds-eye-frozen-fish-fillets-with-original-crumb-oven-bake-14-pieces-1kg-2359573",
    "img": "https://productimages.coles.com.au/productimages/2/2359573.jpg",
    "price": 15,
    "quantity": 1,
    "unitPrice": 15
  },
  {
    "name": "Thawed Seafood Marinara Mix",
    "url": "https://www.coles.com.au/product/coles-thawed-seafood-marinara-mix-approx.-250g-4377340",
    "img": "https://productimages.coles.com.au/productimages/4/4377340.jpg",
    "price": 3.75,
    "quantity": 0.25,
    "unitPrice": 15
  },
  {
    "name": "Thawed Australian MSC Raw Banana Prawns",
    "url": "https://www.coles.com.au/product/coles-deli-thawed-australian-msc-raw-banana-prawns-approx.-250g-8836813",
    "img": "https://productimages.coles.com.au/productimages/8/8836813.jpg",
    "price": 3.75,
    "quantity": 0.25,
    "unitPrice": 15
  },
  {
    "name": "Made Easy Slow Cooked Pork & Beef Meatballs In Tomato Sauce",
    "url": "https://www.coles.com.au/product/coles-made-easy-slow-cooked-pork-&-beef-meatballs-in-tomato-sauce-800g-3966210",
    "img": "https://productimages.coles.com.au/productimages/3/3966210.jpg",
    "price": 12,
    "quantity": 0.8,
    "unitPrice": 15
  },
  {
    "name": "RPSCA Approved Chicken King Kebab With Middle Eastern Rub",
    "url": "https://www.coles.com.au/product/coles-rpsca-approved-chicken-king-kebab-with-middle-eastern-rub-800g-5493415",
    "img": "https://productimages.coles.com.au/productimages/5/5493415.jpg",
    "price": 12,
    "quantity": 0.8,
    "unitPrice": 15
  },
  {
    "name": "Pork Forequarter Cutlets",
    "url": "https://www.coles.com.au/product/coles-pork-forequarter-cutlets-800g-6409174",
    "img": "https://productimages.coles.com.au/productimages/6/6409174.jpg",
    "price": 12,
    "quantity": 0.8,
    "unitPrice": 15
  },
  {
    "name": "Family Classics Beef Curried Sausages",
    "url": "https://www.coles.com.au/product/coles-family-classics-beef-curried-sausages-800g-6413659",
    "img": "https://productimages.coles.com.au/productimages/6/6413659.jpg",
    "price": 12,
    "quantity": 0.8,
    "unitPrice": 15
  },
  {
    "name": "Beef Ribs",
    "url": "https://www.coles.com.au/product/coles-beef-ribs-approx.-800g-each-2888519",
    "img": "https://productimages.coles.com.au/productimages/2/2888519.jpg",
    "price": 12,
    "quantity": 0.8,
    "unitPrice": 15
  },
  {
    "name": "No Added Hormone Beef Brisket Slow Cook",
    "url": "https://www.coles.com.au/product/coles-no-added-hormone-beef-brisket-slow-cook-approx.-1.4kg-3492660",
    "img": "https://productimages.coles.com.au/productimages/3/3492660.jpg",
    "price": 21,
    "quantity": 1.4,
    "unitPrice": 15
  },
  {
    "name": "Free Range RSPCA Approved Chicken Mango & Coconut",
    "url": "https://www.coles.com.au/product/coles-free-range-rspca-approved-chicken-mango-&-coconut-approx.-950g-4454280",
    "img": "https://productimages.coles.com.au/productimages/4/4454280.jpg",
    "price": 14.25,
    "quantity": 0.95,
    "unitPrice": 15
  },
  {
    "name": "Free Range RSPCA Approved Chicken Boneless Lime And Mint",
    "url": "https://www.coles.com.au/product/coles-free-range-rspca-approved-chicken-boneless-lime-and-mint-approx.-1kg-5049743",
    "img": "https://productimages.coles.com.au/productimages/5/5049743.jpg",
    "price": 15,
    "quantity": 1,
    "unitPrice": 15
  },
  {
    "name": "Beef Blade Roast",
    "url": "https://www.coles.com.au/product/coles-beef-blade-roast-approx.-1.42kg-8601456",
    "img": "https://productimages.coles.com.au/productimages/8/8601456.jpg",
    "price": 21.3,
    "quantity": 1.42,
    "unitPrice": 15
  },
  {
    "name": "Creative Gourmet Frozen Passion Fruit Pulp",
    "url": "https://www.woolworths.com.au/shop/productdetails/680368",
    "img": "https://cdn0.woolworths.media/content/wowproductimages/medium/680368.jpg",
    "price": 6,
    "quantity": 0.4,
    "unitPrice": 15
  },
  {
    "name": "Creative Gourmet Frozen Dragon Fruit Chunks",
    "url": "https://www.woolworths.com.au/shop/productdetails/680369",
    "img": "https://cdn0.woolworths.media/content/wowproductimages/medium/680369.jpg",
    "price": 6,
    "quantity": 0.4,
    "unitPrice": 15
  },
  {
    "name": "Flora Proactiv Cholesterol Lowering Margarine Spread Light",
    "url": "https://www.woolworths.com.au/shop/productdetails/194348",
    "img": "https://cdn0.woolworths.media/content/wowproductimages/medium/194348.jpg",
    "price": 7.5,
    "quantity": 0.5,
    "unitPrice": 15
  },
  {
    "name": "Flora Proactiv Margarine Spread Buttery",
    "url": "https://www.woolworths.com.au/shop/productdetails/370962",
    "img": "https://cdn0.woolworths.media/content/wowproductimages/medium/370962.jpg",
    "price": 7.5,
    "quantity": 0.5,
    "unitPrice": 15
  },
  {
    "name": "Flora Proactiv Margarine Spread Original",
    "url": "https://www.woolworths.com.au/shop/productdetails/140985",
    "img": "https://cdn0.woolworths.media/content/wowproductimages/medium/140985.jpg",
    "price": 7.5,
    "quantity": 0.5,
    "unitPrice": 15
  },
  {
    "name": "Devondale Dairy Soft Butter Blend",
    "url": "https://www.woolworths.com.au/shop/productdetails/48462",
    "img": "https://cdn0.woolworths.media/content/wowproductimages/medium/048462.jpg",
    "price": 7.5,
    "quantity": 0.5,
    "unitPrice": 15
  },
  {
    "name": "Devondale Extra Soft Butter Blend",
    "url": "https://www.woolworths.com.au/shop/productdetails/15791",
    "img": "https://cdn0.woolworths.media/content/wowproductimages/medium/015791.jpg",
    "price": 7.5,
    "quantity": 0.5,
    "unitPrice": 15
  },
  {
    "name": "Devondale Dairy Soft Salt Reduced Butter Blend",
    "url": "https://www.woolworths.com.au/shop/productdetails/48463",
    "img": "https://cdn0.woolworths.media/content/wowproductimages/medium/048463.jpg",
    "price": 7.5,
    "quantity": 0.5,
    "unitPrice": 15
  },
  {
    "name": "Golden Circle Blended Fruit Puree Tropical Smash Lunch Box Pouch",
    "url": "https://www.woolworths.com.au/shop/productdetails/592203",
    "img": "https://cdn0.woolworths.media/content/wowproductimages/medium/592203.jpg",
    "price": 1.8,
    "quantity": 0.12,
    "unitPrice": 15
  },
  {
    "name": "Golden Circle Blended Fruit Puree Strawberry Apple Pear Lunch Box Pouch",
    "url": "https://www.woolworths.com.au/shop/productdetails/763159",
    "img": "https://cdn0.woolworths.media/content/wowproductimages/medium/763159.jpg",
    "price": 1.8,
    "quantity": 0.12,
    "unitPrice": 15
  },
  {
    "name": "Golden Circle Blended Fruit Puree Apple & Passionfruit Lunch Box Pouch",
    "url": "https://www.woolworths.com.au/shop/productdetails/763261",
    "img": "https://cdn0.woolworths.media/content/wowproductimages/medium/763261.jpg",
    "price": 1.8,
    "quantity": 0.12,
    "unitPrice": 15
  },
  {
    "name": "Golden Circle Blended Fruit Puree Mango & Pineapple Lunch Box Pouch",
    "url": "https://www.woolworths.com.au/shop/productdetails/763259",
    "img": "https://cdn0.woolworths.media/content/wowproductimages/medium/763259.jpg",
    "price": 1.8,
    "quantity": 0.12,
    "unitPrice": 15
  },
  {
    "name": "Golden Circle Blended Fruit Puree Berry & Apple Blackcurrant Lunchbox",
    "url": "https://www.woolworths.com.au/shop/productdetails/492142",
    "img": "https://cdn0.woolworths.media/content/wowproductimages/medium/492142.jpg",
    "price": 1.8,
    "quantity": 0.12,
    "unitPrice": 15
  },
  {
    "name": "Golden Circle Blended Fruit Puree Banana & Berries Berry Lunch Box Pouch",
    "url": "https://www.woolworths.com.au/shop/productdetails/777640",
    "img": "https://cdn0.woolworths.media/content/wowproductimages/medium/777640.jpg",
    "price": 1.8,
    "quantity": 0.12,
    "unitPrice": 15
  },
  {
    "name": "Moro Extra Virgin Olive Oil",
    "url": "https://www.woolworths.com.au/shop/productdetails/310022",
    "img": "https://cdn0.woolworths.media/content/wowproductimages/medium/310022.jpg",
    "price": 33,
    "quantity": 2.2,
    "unitPrice": 15
  },
  {
    "name": "Moro Mild Taste Olive Oil",
    "url": "https://www.woolworths.com.au/shop/productdetails/309547",
    "img": "https://cdn0.woolworths.media/content/wowproductimages/medium/309547.jpg",
    "price": 33,
    "quantity": 2.2,
    "unitPrice": 15
  },
  {
    "name": "Olio Principe Sicilian Extra Virgin Olive Oil 1000ml",
    "url": "https://www.woolworths.com.au/shop/productdetails/1074415881",
    "img": "https://cdn0.woolworths.media/content/wowproductimages/medium/1074415881.jpg",
    "price": 15,
    "quantity": 1,
    "unitPrice": 15
  },
  {
    "name": "Woolworths Green Banana Prawns Large Thawed",
    "url": "https://www.woolworths.com.au/shop/productdetails/96995",
    "img": "https://cdn0.woolworths.media/content/wowproductimages/medium/096995.jpg",
    "price": 15,
    "quantity": 1,
    "unitPrice": 15
  },
  {
    "name": "Helga's Gluten Free Wholemeal Loaf",
    "url": "https://www.woolworths.com.au/shop/productdetails/688719",
    "img": "https://cdn0.woolworths.media/content/wowproductimages/medium/688719.jpg",
    "price": 7.5,
    "quantity": 0.5,
    "unitPrice": 15
  },
  {
    "name": "Home Chef Quiche Lorraine Chilled Meal",
    "url": "https://www.woolworths.com.au/shop/productdetails/948485",
    "img": "https://cdn0.woolworths.media/content/wowproductimages/medium/948485.jpg",
    "price": 10.5,
    "quantity": 0.7,
    "unitPrice": 15
  },
  {
    "name": "Helga's Gluten Free Mixed Grains",
    "url": "https://www.woolworths.com.au/shop/productdetails/815271",
    "img": "https://cdn0.woolworths.media/content/wowproductimages/medium/815271.jpg",
    "price": 7.5,
    "quantity": 0.5,
    "unitPrice": 15
  },
  {
    "name": "Home Chef Quiche Spinach & Feta Chilled Meal",
    "url": "https://www.woolworths.com.au/shop/productdetails/763317",
    "img": "https://cdn0.woolworths.media/content/wowproductimages/medium/763317.jpg",
    "price": 10.5,
    "quantity": 0.7,
    "unitPrice": 15
  },
  {
    "name": "Helga's Gluten Free 5 Seed Loaf",
    "url": "https://www.woolworths.com.au/shop/productdetails/688724",
    "img": "https://cdn0.woolworths.media/content/wowproductimages/medium/688724.jpg",
    "price": 7.5,
    "quantity": 0.5,
    "unitPrice": 15
  },
  {
    "name": "Woolworths Solanato Tomato Punnet",
    "url": "https://www.woolworths.com.au/shop/productdetails/727144",
    "img": "https://cdn0.woolworths.media/content/wowproductimages/medium/727144.jpg",
    "price": 3,
    "quantity": 0.2,
    "unitPrice": 15
  },
  {
    "name": "Woolworths Organic Salad Coleslaw",
    "url": "https://www.woolworths.com.au/shop/productdetails/806333",
    "img": "https://cdn0.woolworths.media/content/wowproductimages/medium/806333.jpg",
    "price": 3,
    "quantity": 0.2,
    "unitPrice": 15
  },
  {
    "name": "Virgen de la Esperanza Arroz Calasparra Spanish Calasparra Whole Grain Rice 1kg",
    "url": "https://www.woolworths.com.au/shop/productdetails/1074415898",
    "img": "https://cdn0.woolworths.media/content/wowproductimages/medium/1074415898.jpg",
    "price": 15,
    "quantity": 1,
    "unitPrice": 15
  },
  {
    "name": "Ingham's Chicken Sliced Roll",
    "url": "https://www.woolworths.com.au/shop/productdetails/30936",
    "img": "https://cdn0.woolworths.media/content/wowproductimages/medium/030936.jpg",
    "price": 15,
    "quantity": 1,
    "unitPrice": 15
  },
  {
    "name": "Woolworths Beef Bolar Blade Roast",
    "url": "https://www.woolworths.com.au/shop/productdetails/764567",
    "img": "https://cdn0.woolworths.media/content/wowproductimages/medium/764567.jpg",
    "price": 30,
    "quantity": 2,
    "unitPrice": 15
  },
  {
    "name": "Woolworths Meatball & Pasta Kit",
    "url": "https://www.woolworths.com.au/shop/productdetails/251643",
    "img": "https://cdn0.woolworths.media/content/wowproductimages/medium/251643.jpg",
    "price": 18,
    "quantity": 1.2,
    "unitPrice": 15
  },
  {
    "name": "Tandaco Stuffing Mix Seasoned Turkey & Chicken",
    "url": "https://www.woolworths.com.au/shop/productdetails/15344",
    "img": "https://cdn0.woolworths.media/content/wowproductimages/medium/015344.jpg",
    "price": 3,
    "quantity": 0.2,
    "unitPrice": 15
  },
  {
    "name": "Mckenzie's Natural Salt Sea",
    "url": "https://www.woolworths.com.au/shop/productdetails/320992",
    "img": "https://cdn0.woolworths.media/content/wowproductimages/medium/320992.jpg",
    "price": 5.95,
    "quantity": 0.4,
    "unitPrice": 15
  },
  {
    "name": "Mckenzie's Himalayan Salt Rock Pink",
    "url": "https://www.woolworths.com.au/shop/productdetails/749926",
    "img": "https://cdn0.woolworths.media/content/wowproductimages/medium/749926.jpg",
    "price": 5.95,
    "quantity": 0.4,
    "unitPrice": 15
  },
  {
    "name": "Airborne Pure Honey Upside Down",
    "url": "https://www.woolworths.com.au/shop/productdetails/158979",
    "img": "https://cdn0.woolworths.media/content/wowproductimages/medium/158979.jpg",
    "price": 7.5,
    "quantity": 0.5,
    "unitPrice": 15
  },
  {
    "name": "Freedom Active Balance Fruit & Seeds Muesli Cereal",
    "url": "https://www.woolworths.com.au/shop/productdetails/223714",
    "img": "https://cdn0.woolworths.media/content/wowproductimages/medium/223714.jpg",
    "price": 7.5,
    "quantity": 0.5,
    "unitPrice": 15
  },
  {
    "name": "Capilano 100% Pure Australian Honey Pail",
    "url": "https://www.woolworths.com.au/shop/productdetails/680476",
    "img": "https://cdn0.woolworths.media/content/wowproductimages/medium/680476.jpg",
    "price": 15,
    "quantity": 1,
    "unitPrice": 15
  },
  {
    "name": "Fodmapped Chicken Lemon & Thyme Risotto",
    "url": "https://www.woolworths.com.au/shop/productdetails/224793",
    "img": "https://cdn0.woolworths.media/content/wowproductimages/medium/224793.jpg",
    "price": 7.5,
    "quantity": 0.5,
    "unitPrice": 15
  },
  {
    "name": "Val Verde Basil & Oregano Pizza Sauce",
    "url": "https://www.woolworths.com.au/shop/productdetails/86489",
    "img": "https://cdn0.woolworths.media/content/wowproductimages/medium/086489.jpg",
    "price": 4.2,
    "quantity": 0.28,
    "unitPrice": 15
  },
  {
    "name": "Woolworths Australian Lime Juice",
    "url": "https://www.woolworths.com.au/shop/productdetails/214764",
    "img": "https://cdn0.woolworths.media/content/wowproductimages/medium/214764.jpg",
    "price": 3.75,
    "quantity": 0.25,
    "unitPrice": 15
  },
  {
    "name": "Leggo's Providore Tomato & Chilli",
    "url": "https://www.woolworths.com.au/shop/productdetails/957594",
    "img": "https://cdn0.woolworths.media/content/wowproductimages/medium/957594.jpg",
    "price": 6,
    "quantity": 0.4,
    "unitPrice": 15
  },
  {
    "name": "Woolworths Mushroom Sauce",
    "url": "https://www.woolworths.com.au/shop/productdetails/182812",
    "img": "https://cdn0.woolworths.media/content/wowproductimages/medium/182812.jpg",
    "price": 3,
    "quantity": 0.2,
    "unitPrice": 15
  },
  {
    "name": "Leggo's Providore Tomato & Onion",
    "url": "https://www.woolworths.com.au/shop/productdetails/957588",
    "img": "https://cdn0.woolworths.media/content/wowproductimages/medium/957588.jpg",
    "price": 6,
    "quantity": 0.4,
    "unitPrice": 15
  },
  {
    "name": "Woolworths Australian Lemon Juice",
    "url": "https://www.woolworths.com.au/shop/productdetails/214763",
    "img": "https://cdn0.woolworths.media/content/wowproductimages/medium/214763.jpg",
    "price": 3.75,
    "quantity": 0.25,
    "unitPrice": 15
  },
  {
    "name": "Leggo's Providore D'italia Sugo Basilico Pasta Sauce",
    "url": "https://www.woolworths.com.au/shop/productdetails/150664",
    "img": "https://cdn0.woolworths.media/content/wowproductimages/medium/150664.jpg",
    "price": 6,
    "quantity": 0.4,
    "unitPrice": 15
  },
  {
    "name": "Woolworths Hot Chip Gravy",
    "url": "https://www.woolworths.com.au/shop/productdetails/182818",
    "img": "https://cdn0.woolworths.media/content/wowproductimages/medium/182818.jpg",
    "price": 3,
    "quantity": 0.2,
    "unitPrice": 15
  },
  {
    "name": "Woolworths Peppercorn Sauce",
    "url": "https://www.woolworths.com.au/shop/productdetails/182813",
    "img": "https://cdn0.woolworths.media/content/wowproductimages/medium/182813.jpg",
    "price": 3,
    "quantity": 0.2,
    "unitPrice": 15
  },
  {
    "name": "Leggo's Providore Tomato & Pepper",
    "url": "https://www.woolworths.com.au/shop/productdetails/957591",
    "img": "https://cdn0.woolworths.media/content/wowproductimages/medium/957591.jpg",
    "price": 6,
    "quantity": 0.4,
    "unitPrice": 15
  },
  {
    "name": "Woolworths Chicken Flavoured Gravy",
    "url": "https://www.woolworths.com.au/shop/productdetails/182815",
    "img": "https://cdn0.woolworths.media/content/wowproductimages/medium/182815.jpg",
    "price": 3,
    "quantity": 0.2,
    "unitPrice": 15
  },
  {
    "name": "Leggo's Providore D'italia Sugo With Pecorino Romano Pasta Sauce",
    "url": "https://www.woolworths.com.au/shop/productdetails/150780",
    "img": "https://cdn0.woolworths.media/content/wowproductimages/medium/150780.jpg",
    "price": 6,
    "quantity": 0.4,
    "unitPrice": 15
  },
  {
    "name": "Woolworths Beef Flavoured Gravy",
    "url": "https://www.woolworths.com.au/shop/productdetails/182816",
    "img": "https://cdn0.woolworths.media/content/wowproductimages/medium/182816.jpg",
    "price": 3,
    "quantity": 0.2,
    "unitPrice": 15
  },
  {
    "name": "Csr Monk Fruit Raw Blend",
    "url": "https://www.woolworths.com.au/shop/productdetails/280771",
    "img": "https://cdn0.woolworths.media/content/wowproductimages/medium/280771.jpg",
    "price": 3,
    "quantity": 0.2,
    "unitPrice": 15
  },
  {
    "name": "Csr Monk Fruit & Sugar Blend Classic",
    "url": "https://www.woolworths.com.au/shop/productdetails/284866",
    "img": "https://cdn0.woolworths.media/content/wowproductimages/medium/284866.jpg",
    "price": 3,
    "quantity": 0.2,
    "unitPrice": 15
  },
  {
    "name": "Aeroplane Dessert Mix Vanilla Flavour",
    "url": "https://www.woolworths.com.au/shop/productdetails/583774",
    "img": "https://cdn0.woolworths.media/content/wowproductimages/medium/583774.jpg",
    "price": 1.5,
    "quantity": 0.1,
    "unitPrice": 15
  },
  {
    "name": "The Healthy Baker Protein Pancake Mix",
    "url": "https://www.woolworths.com.au/shop/productdetails/143254",
    "img": "https://cdn0.woolworths.media/content/wowproductimages/medium/143254.jpg",
    "price": 6,
    "quantity": 0.4,
    "unitPrice": 15
  },
  {
    "name": "Macro Dried Apricots",
    "url": "https://www.woolworths.com.au/shop/productdetails/166882",
    "img": "https://cdn0.woolworths.media/content/wowproductimages/medium/166882.jpg",
    "price": 7.5,
    "quantity": 0.5,
    "unitPrice": 15
  },
  {
    "name": "Kialla Pure Organic Brown Rice Flour",
    "url": "https://www.woolworths.com.au/shop/productdetails/202469",
    "img": "https://cdn0.woolworths.media/content/wowproductimages/medium/202469.jpg",
    "price": 6,
    "quantity": 0.4,
    "unitPrice": 15
  },
  {
    "name": "Kialla Pure Organic Besan Chickpea Flour",
    "url": "https://www.woolworths.com.au/shop/productdetails/202316",
    "img": "https://cdn0.woolworths.media/content/wowproductimages/medium/202316.jpg",
    "price": 6,
    "quantity": 0.4,
    "unitPrice": 15
  },
  {
    "name": "Donna Hay Gluten Free Plain Flour",
    "url": "https://www.woolworths.com.au/shop/productdetails/147894",
    "img": "https://cdn0.woolworths.media/content/wowproductimages/medium/147894.jpg",
    "price": 7.5,
    "quantity": 0.5,
    "unitPrice": 15
  },
  {
    "name": "Donna Hay Gluten Free Self Raising Flour",
    "url": "https://www.woolworths.com.au/shop/productdetails/143995",
    "img": "https://cdn0.woolworths.media/content/wowproductimages/medium/143995.jpg",
    "price": 7.5,
    "quantity": 0.5,
    "unitPrice": 15
  },
  {
    "name": "All-Bran Original High Fibre Breakfast Cereal",
    "url": "https://www.coles.com.au/product/kellogg's-all-bran-original-high-fibre-breakfast-cereal-530g-8491915",
    "img": "https://productimages.coles.com.au/productimages/8/8491915.jpg",
    "price": 8,
    "quantity": 0.53,
    "unitPrice": 15.1
  },
  {
    "name": "Plus Fibre Breakfast Cereal",
    "url": "https://www.coles.com.au/product/uncle-tobys-plus-fibre-breakfast-cereal-430g-3789476",
    "img": "https://productimages.coles.com.au/productimages/3/3789476.jpg",
    "price": 6.5,
    "quantity": 0.43,
    "unitPrice": 15.1
  },
  {
    "name": "Porridge Sachets Apple Cinnamon",
    "url": "https://www.coles.com.au/product/heritage-mill-porridge-sachets-apple-cinnamon-350g-6152657",
    "img": "https://productimages.coles.com.au/productimages/6/6152657.jpg",
    "price": 5.3,
    "quantity": 0.35,
    "unitPrice": 15.1
  },
  {
    "name": "Mill Porridge Sachets Honey Cinnamon",
    "url": "https://www.coles.com.au/product/heritage-mill-porridge-sachets-honey-cinnamon-350g-6152668",
    "img": "https://productimages.coles.com.au/productimages/6/6152668.jpg",
    "price": 5.3,
    "quantity": 0.35,
    "unitPrice": 15.1
  },
  {
    "name": "Mill Porridge Sachets Berry Bliss",
    "url": "https://www.coles.com.au/product/heritage-mill-porridge-sachets-berry-bliss-350g-6152680",
    "img": "https://productimages.coles.com.au/productimages/6/6152680.jpg",
    "price": 5.3,
    "quantity": 0.35,
    "unitPrice": 15.1
  },
  {
    "name": "Tortellini Three Cheese Pasta Meal Sun Dried Tomato & Bacon",
    "url": "https://www.coles.com.au/product/heinz-tortellini-three-cheese-pasta-meal-sun-dried-tomato-&-bacon-350g-4318330",
    "img": "https://productimages.coles.com.au/productimages/4/4318330.jpg",
    "price": 5.3,
    "quantity": 0.35,
    "unitPrice": 15.1
  },
  {
    "name": "Tortellini Three Cheese Pasta Meal Creamy Pumpkin & Garlic",
    "url": "https://www.coles.com.au/product/heinz-tortellini-three-cheese-pasta-meal-creamy-pumpkin-&-garlic-350g-4318486",
    "img": "https://productimages.coles.com.au/productimages/4/4318486.jpg",
    "price": 5.3,
    "quantity": 0.35,
    "unitPrice": 15.1
  },
  {
    "name": "Tortellini Three Cheese Pasta Meal Creamy Mushroom & Bacon",
    "url": "https://www.coles.com.au/product/heinz-tortellini-three-cheese-pasta-meal-creamy-mushroom-&-bacon-350g-4318497",
    "img": "https://productimages.coles.com.au/productimages/4/4318497.jpg",
    "price": 5.3,
    "quantity": 0.35,
    "unitPrice": 15.1
  },
  {
    "name": "Roasted Vegetables Stir Through Sauce",
    "url": "https://www.coles.com.au/product/leggo's-roasted-vegetables-stir-through-sauce-350g-7311982",
    "img": "https://productimages.coles.com.au/productimages/7/7311982.jpg",
    "price": 5.3,
    "quantity": 0.35,
    "unitPrice": 15.1
  },
  {
    "name": "Stir Through Tomato Olive Chilli Sauce",
    "url": "https://www.coles.com.au/product/leggo's-stir-through-tomato-olive-chilli-sauce-350g-7312012",
    "img": "https://productimages.coles.com.au/productimages/7/7312012.jpg",
    "price": 5.3,
    "quantity": 0.35,
    "unitPrice": 15.1
  },
  {
    "name": "Stir Through SauceTomato Garlic Onion",
    "url": "https://www.coles.com.au/product/leggo's-stir-through-saucetomato-garlic-onion-350g-8918372",
    "img": "https://productimages.coles.com.au/productimages/8/8918372.jpg",
    "price": 5.3,
    "quantity": 0.35,
    "unitPrice": 15.1
  },
  {
    "name": "No Nasties Fruity 50% Less Sugar Fruity Loops Cereal",
    "url": "https://www.woolworths.com.au/shop/productdetails/242357",
    "img": "https://cdn0.woolworths.media/content/wowproductimages/medium/242357.jpg",
    "price": 4.3,
    "quantity": 0.285,
    "unitPrice": 15.1
  },
  {
    "name": "No Nasties Choc Bombs Cereal",
    "url": "https://www.woolworths.com.au/shop/productdetails/243224",
    "img": "https://cdn0.woolworths.media/content/wowproductimages/medium/243224.jpg",
    "price": 4.3,
    "quantity": 0.285,
    "unitPrice": 15.1
  },
  {
    "name": "Arnott's Scotch Finger 50% Less Sugar Plain Biscuits",
    "url": "https://www.woolworths.com.au/shop/productdetails/232003",
    "img": "https://cdn0.woolworths.media/content/wowproductimages/medium/232003.jpg",
    "price": 3.5,
    "quantity": 0.232,
    "unitPrice": 15.1
  },
  {
    "name": "Kellogg's All-bran High Fibre Breakfast Cereal",
    "url": "https://www.woolworths.com.au/shop/productdetails/701676",
    "img": "https://cdn0.woolworths.media/content/wowproductimages/medium/701676.jpg",
    "price": 8,
    "quantity": 0.53,
    "unitPrice": 15.1
  },
  {
    "name": "Nando's Perinaise Vegan Peri-peri Mayonnaise Sauce",
    "url": "https://www.woolworths.com.au/shop/productdetails/167094",
    "img": "https://cdn0.woolworths.media/content/wowproductimages/medium/167094.jpg",
    "price": 4,
    "quantity": 0.265,
    "unitPrice": 15.1
  },
  {
    "name": "Nando's Perinaise Mild Peri-peri Mayonnaise Sauce",
    "url": "https://www.woolworths.com.au/shop/productdetails/473746",
    "img": "https://cdn0.woolworths.media/content/wowproductimages/medium/473746.jpg",
    "price": 4,
    "quantity": 0.265,
    "unitPrice": 15.1
  },
  {
    "name": "Nando's Perinaise Hot Peri-peri Mayonnaise Sauce",
    "url": "https://www.woolworths.com.au/shop/productdetails/473744",
    "img": "https://cdn0.woolworths.media/content/wowproductimages/medium/473744.jpg",
    "price": 4,
    "quantity": 0.265,
    "unitPrice": 15.1
  },
  {
    "name": "Nando's Perinaise Garlic Peri-peri Mayonnaise Sauce",
    "url": "https://www.woolworths.com.au/shop/productdetails/94176",
    "img": "https://cdn0.woolworths.media/content/wowproductimages/medium/094176.jpg",
    "price": 4,
    "quantity": 0.265,
    "unitPrice": 15.1
  },
  {
    "name": "Seed Mix",
    "url": "https://www.coles.com.au/product/coles-seed-mix-165g-3017859",
    "img": "https://productimages.coles.com.au/productimages/3/3017859.jpg",
    "price": 2.5,
    "quantity": 0.165,
    "unitPrice": 15.15
  },
  {
    "name": "Gluten Free Crusty Bread",
    "url": "https://www.coles.com.au/product/simply-wize-gluten-free-crusty-bread-330g-7482748",
    "img": "https://productimages.coles.com.au/productimages/7/7482748.jpg",
    "price": 5,
    "quantity": 0.33,
    "unitPrice": 15.15
  },
  {
    "name": "Seed Mix",
    "url": "https://www.coles.com.au/product/coles-seed-mix-165g-3017859",
    "img": "https://productimages.coles.com.au/productimages/3/3017859.jpg",
    "price": 2.5,
    "quantity": 0.165,
    "unitPrice": 15.15
  },
  {
    "name": "Gluten Free Crusty Bread",
    "url": "https://www.coles.com.au/product/simply-wize-gluten-free-crusty-bread-330g-7482748",
    "img": "https://productimages.coles.com.au/productimages/7/7482748.jpg",
    "price": 5,
    "quantity": 0.33,
    "unitPrice": 15.15
  },
  {
    "name": "Starbucks Frappuccino Iced Coffee Drink",
    "url": "https://www.woolworths.com.au/shop/productdetails/238877",
    "img": "https://cdn0.woolworths.media/content/wowproductimages/medium/238877.jpg",
    "price": 4.25,
    "quantity": 0.28,
    "unitPrice": 15.18
  },
  {
    "name": "Starbucks Frappuccino Mocha Iced Coffee",
    "url": "https://www.woolworths.com.au/shop/productdetails/239472",
    "img": "https://cdn0.woolworths.media/content/wowproductimages/medium/239472.jpg",
    "price": 4.25,
    "quantity": 0.28,
    "unitPrice": 15.18
  },
  {
    "name": "Dairy Free Choc Baking Buttons",
    "url": "https://www.coles.com.au/product/sweet-william-dairy-free-choc-baking-buttons-300g-3134706",
    "img": "https://productimages.coles.com.au/productimages/3/3134706.jpg",
    "price": 4.55,
    "quantity": 0.3,
    "unitPrice": 15.2
  },
  {
    "name": "Milo Duo Breakfast Cereal",
    "url": "https://www.coles.com.au/product/nestle-milo-duo-breakfast-cereal-580g-7019335",
    "img": "https://productimages.coles.com.au/productimages/7/7019335.jpg",
    "price": 8.8,
    "quantity": 0.58,
    "unitPrice": 15.2
  },
  {
    "name": "Microwaveable Beef Pastie",
    "url": "https://www.coles.com.au/product/mrs-mac's-microwaveable-beef-pastie-165g-5117311",
    "img": "https://productimages.coles.com.au/productimages/5/5117311.jpg",
    "price": 2.5,
    "quantity": 0.165,
    "unitPrice": 15.2
  },
  {
    "name": "Frozen Healthy Choice Chicken Honey Stir Fry",
    "url": "https://www.coles.com.au/product/mccain-frozen-healthy-choice-chicken-honey-stir-fry-330g-6774340",
    "img": "https://productimages.coles.com.au/productimages/6/6774340.jpg",
    "price": 5,
    "quantity": 0.33,
    "unitPrice": 15.2
  },
  {
    "name": "Fix And Fogg Peanut Butter Super Crunchy",
    "url": "https://www.woolworths.com.au/shop/productdetails/498473",
    "img": "https://cdn0.woolworths.media/content/wowproductimages/medium/498473.jpg",
    "price": 5.7,
    "quantity": 0.375,
    "unitPrice": 15.2
  },
  {
    "name": "Fix And Fogg Peanut Butter Smooth",
    "url": "https://www.woolworths.com.au/shop/productdetails/498474",
    "img": "https://cdn0.woolworths.media/content/wowproductimages/medium/498474.jpg",
    "price": 5.7,
    "quantity": 0.375,
    "unitPrice": 15.2
  },
  {
    "name": "Kellogg's Just Right Apricot & Sultana Breakfast Cereal",
    "url": "https://www.woolworths.com.au/shop/productdetails/701638",
    "img": "https://cdn0.woolworths.media/content/wowproductimages/medium/701638.jpg",
    "price": 7,
    "quantity": 0.46,
    "unitPrice": 15.2
  },
  {
    "name": "Nestle Milo Duo Cereal",
    "url": "https://www.woolworths.com.au/shop/productdetails/387274",
    "img": "https://cdn0.woolworths.media/content/wowproductimages/medium/387274.jpg",
    "price": 8.8,
    "quantity": 0.58,
    "unitPrice": 15.2
  },
  {
    "name": "Kikkoman Sweet Chilli Dipping Sauce Gluten Free",
    "url": "https://www.woolworths.com.au/shop/productdetails/234030",
    "img": "https://cdn0.woolworths.media/content/wowproductimages/medium/234030.jpg",
    "price": 3.8,
    "quantity": 0.25,
    "unitPrice": 15.2
  },
  {
    "name": "Sicilian Olives Pitted ",
    "url": "https://www.coles.com.au/product/always-fresh-sicilian-olives-pitted--230g-2748054",
    "img": "https://productimages.coles.com.au/productimages/2/2748054.jpg",
    "price": 3.5,
    "quantity": 0.23,
    "unitPrice": 15.22
  },
  {
    "name": "Macro Australian Raisins",
    "url": "https://www.woolworths.com.au/shop/productdetails/89730",
    "img": "https://cdn0.woolworths.media/content/wowproductimages/medium/089730.jpg",
    "price": 6.1,
    "quantity": 0.4,
    "unitPrice": 15.25
  },
  {
    "name": "Bagels Multigrain 4 Pack",
    "url": "https://www.coles.com.au/product/abe's-bagels-multigrain-4-pack-360g-2901956",
    "img": "https://productimages.coles.com.au/productimages/2/2901956.jpg",
    "price": 5.5,
    "quantity": 0.36,
    "unitPrice": 15.3
  },
  {
    "name": "Bagels Natural 4 Pack",
    "url": "https://www.coles.com.au/product/abe's-bagels-natural-4-pack-360g-2901978",
    "img": "https://productimages.coles.com.au/productimages/2/2901978.jpg",
    "price": 5.5,
    "quantity": 0.36,
    "unitPrice": 15.3
  },
  {
    "name": "Bagels Everything 4 Pack",
    "url": "https://www.coles.com.au/product/abe's-bagels-everything-4-pack-360g-3576828",
    "img": "https://productimages.coles.com.au/productimages/3/3576828.jpg",
    "price": 5.5,
    "quantity": 0.36,
    "unitPrice": 15.3
  },
  {
    "name": "Low Carb 4 Pack",
    "url": "https://www.coles.com.au/product/abe's-bagels-low-carb-4-pack-360g-4984648",
    "img": "https://productimages.coles.com.au/productimages/4/4984648.jpg",
    "price": 5.5,
    "quantity": 0.36,
    "unitPrice": 15.3
  },
  {
    "name": "Pancakes 6 Pack",
    "url": "https://www.coles.com.au/product/golden-pancakes-6-pack-360g-6051649",
    "img": "https://productimages.coles.com.au/productimages/6/6051649.jpg",
    "price": 5.5,
    "quantity": 0.36,
    "unitPrice": 15.3
  },
  {
    "name": "Brioche 4 Pack",
    "url": "https://www.coles.com.au/product/abe's-bagels-brioche-4-pack-360g-6415213",
    "img": "https://productimages.coles.com.au/productimages/6/6415213.jpg",
    "price": 5.5,
    "quantity": 0.36,
    "unitPrice": 15.3
  },
  {
    "name": "Teeny Tiny Teddy Cereal Honey",
    "url": "https://www.coles.com.au/product/arnott's-teeny-tiny-teddy-cereal-honey-580g-6740553",
    "img": "https://productimages.coles.com.au/productimages/6/6740553.jpg",
    "price": 8.9,
    "quantity": 0.58,
    "unitPrice": 15.3
  },
  {
    "name": "Teeny Tiny Teddy Cereal Chocolate",
    "url": "https://www.coles.com.au/product/arnott's-teeny-tiny-teddy-cereal-chocolate-580g-6740586",
    "img": "https://productimages.coles.com.au/productimages/6/6740586.jpg",
    "price": 8.9,
    "quantity": 0.58,
    "unitPrice": 15.3
  },
  {
    "name": "Teeny Tiny Teddy Cereal Caramel",
    "url": "https://www.coles.com.au/product/arnott's-teeny-tiny-teddy-cereal-caramel-580g-6740597",
    "img": "https://productimages.coles.com.au/productimages/6/6740597.jpg",
    "price": 8.9,
    "quantity": 0.58,
    "unitPrice": 15.3
  },
  {
    "name": "Teeny Tiny Teddy Cereal Berry",
    "url": "https://www.coles.com.au/product/arnott's-teeny-tiny-teddy-cereal-berry-580g-6740611",
    "img": "https://productimages.coles.com.au/productimages/6/6740611.jpg",
    "price": 8.9,
    "quantity": 0.58,
    "unitPrice": 15.3
  },
  {
    "name": "Roast Chicken With Noodles Serves 2",
    "url": "https://www.coles.com.au/product/coles-roast-chicken-with-noodles-serves-2-75g-2894566",
    "img": "https://productimages.coles.com.au/productimages/2/2894566.jpg",
    "price": 1.15,
    "quantity": 0.075,
    "unitPrice": 15.3
  },
  {
    "name": "Rustica Sourdough Salami & Leg Ham Pizza",
    "url": "https://www.coles.com.au/product/mccain-rustica-sourdough-salami-&-leg-ham-pizza-430g-6839468",
    "img": "https://productimages.coles.com.au/productimages/6/6839468.jpg",
    "price": 6.6,
    "quantity": 0.43,
    "unitPrice": 15.3
  },
  {
    "name": "Latina Fresh Creamy Sun-dried Tomato Pasta Sauce",
    "url": "https://www.woolworths.com.au/shop/productdetails/14894",
    "img": "https://cdn0.woolworths.media/content/wowproductimages/medium/014894.jpg",
    "price": 6.5,
    "quantity": 0.425,
    "unitPrice": 15.3
  },
  {
    "name": "Latina Fresh Creamy Carbonara Pasta Sauce Pasta Sauce",
    "url": "https://www.woolworths.com.au/shop/productdetails/42091",
    "img": "https://cdn0.woolworths.media/content/wowproductimages/medium/042091.jpg",
    "price": 6.5,
    "quantity": 0.425,
    "unitPrice": 15.3
  },
  {
    "name": "Latina Fresh Beef Bolognese Pasta Sauce Pasta Sauce",
    "url": "https://www.woolworths.com.au/shop/productdetails/9741",
    "img": "https://cdn0.woolworths.media/content/wowproductimages/medium/009741.jpg",
    "price": 6.5,
    "quantity": 0.425,
    "unitPrice": 15.3
  },
  {
    "name": "Latina Fresh Creamy Spinach Pasta Sauce",
    "url": "https://www.woolworths.com.au/shop/productdetails/215002",
    "img": "https://cdn0.woolworths.media/content/wowproductimages/medium/215002.jpg",
    "price": 6.5,
    "quantity": 0.425,
    "unitPrice": 15.3
  },
  {
    "name": "Red Island Extra Virgin Olive Oil",
    "url": "https://www.woolworths.com.au/shop/productdetails/321601",
    "img": "https://cdn0.woolworths.media/content/wowproductimages/medium/321601.jpg",
    "price": 46,
    "quantity": 3,
    "unitPrice": 15.3
  },
  {
    "name": "Dollar Sweets Choclettes",
    "url": "https://www.woolworths.com.au/shop/productdetails/264095",
    "img": "https://cdn0.woolworths.media/content/wowproductimages/medium/264095.jpg",
    "price": 2.3,
    "quantity": 0.15,
    "unitPrice": 15.3
  },
  {
    "name": "Mini Potato Cake Original",
    "url": "https://www.coles.com.au/product/why-meat-mini-potato-cake-original-750g-6448212",
    "img": "https://productimages.coles.com.au/productimages/6/6448212.jpg",
    "price": 11.5,
    "quantity": 0.75,
    "unitPrice": 15.33
  },
  {
    "name": "RSPCA Approved Chicken Kebabs Honey & Soy",
    "url": "https://www.coles.com.au/product/coles-rspca-approved-chicken-kebabs-honey-&-soy-750g-3745878",
    "img": "https://productimages.coles.com.au/productimages/3/3745878.jpg",
    "price": 11.5,
    "quantity": 0.75,
    "unitPrice": 15.33
  },
  {
    "name": "RSPCA Approved Chicken Kebabs With Sticky BBQ Rub",
    "url": "https://www.coles.com.au/product/coles-rspca-approved-chicken-kebabs-with-sticky-bbq-rub-750g-5471773",
    "img": "https://productimages.coles.com.au/productimages/5/5471773.jpg",
    "price": 11.5,
    "quantity": 0.75,
    "unitPrice": 15.33
  },
  {
    "name": "RSPCA Approved Chicken Kebas With Thai Rub",
    "url": "https://www.coles.com.au/product/coles-rspca-approved-chicken-kebas-with-thai-rub-750g-5472696",
    "img": "https://productimages.coles.com.au/productimages/5/5472696.jpg",
    "price": 11.5,
    "quantity": 0.75,
    "unitPrice": 15.33
  },
  {
    "name": "Woolworths Washed & Ready To Cook Vegetable Medley",
    "url": "https://www.woolworths.com.au/shop/productdetails/158940",
    "img": "https://cdn0.woolworths.media/content/wowproductimages/medium/158940.jpg",
    "price": 2.3,
    "quantity": 0.15,
    "unitPrice": 15.33
  },
  {
    "name": "Just Veg. Trimmed Beans",
    "url": "https://www.woolworths.com.au/shop/productdetails/259408",
    "img": "https://cdn0.woolworths.media/content/wowproductimages/medium/259408.jpg",
    "price": 2.3,
    "quantity": 0.15,
    "unitPrice": 15.33
  },
  {
    "name": "Coco Pops Chocolatey Breakfast Cereal",
    "url": "https://www.coles.com.au/product/kellogg's-coco-pops-chocolatey-breakfast-cereal-650g-8494298",
    "img": "https://productimages.coles.com.au/productimages/8/8494298.jpg",
    "price": 10,
    "quantity": 0.65,
    "unitPrice": 15.4
  },
  {
    "name": "Fusian Instant Noodles Vietnamese Beef 5 Pack",
    "url": "https://www.coles.com.au/product/maggi-fusian-instant-noodles-vietnamese-beef-5-pack-325g-5869849",
    "img": "https://productimages.coles.com.au/productimages/5/5869849.jpg",
    "price": 5,
    "quantity": 0.325,
    "unitPrice": 15.4
  },
  {
    "name": "Gherkin Relish",
    "url": "https://www.coles.com.au/product/masterfoods-gherkin-relish-260g-127216",
    "img": "https://productimages.coles.com.au/productimages/1/127216.jpg",
    "price": 4,
    "quantity": 0.26,
    "unitPrice": 15.4
  },
  {
    "name": "Woolworths Slow Cooked Beef Ragu Lasagne Null",
    "url": "https://www.woolworths.com.au/shop/productdetails/161994",
    "img": "https://cdn0.woolworths.media/content/wowproductimages/medium/161994.jpg",
    "price": 20,
    "quantity": 1.3,
    "unitPrice": 15.4
  },
  {
    "name": "Woolworths Angus Beef & Pork Meatball Rigatoni Chilled Meal",
    "url": "https://www.woolworths.com.au/shop/productdetails/134238",
    "img": "https://cdn0.woolworths.media/content/wowproductimages/medium/134238.jpg",
    "price": 20,
    "quantity": 1.3,
    "unitPrice": 15.4
  },
  {
    "name": "Chobani Halloween Flip Witch's Cauldron Apple & Pear Yoghurt",
    "url": "https://www.woolworths.com.au/shop/productdetails/244280",
    "img": "https://cdn0.woolworths.media/content/wowproductimages/medium/244280.jpg",
    "price": 2.15,
    "quantity": 0.14,
    "unitPrice": 15.4
  },
  {
    "name": "Chobani Raspberry Greek Yogurt Pouch Yoghurt Pouch",
    "url": "https://www.woolworths.com.au/shop/productdetails/795069",
    "img": "https://cdn0.woolworths.media/content/wowproductimages/medium/795069.jpg",
    "price": 2.15,
    "quantity": 0.14,
    "unitPrice": 15.4
  },
  {
    "name": "Chobani Blueberry Greek Yogurt Pouch Yoghurt Pouch",
    "url": "https://www.woolworths.com.au/shop/productdetails/768097",
    "img": "https://cdn0.woolworths.media/content/wowproductimages/medium/768097.jpg",
    "price": 2.15,
    "quantity": 0.14,
    "unitPrice": 15.4
  },
  {
    "name": "Chobani Strawberry Greek Yogurt Pouch Greek Yoghurt Pouch",
    "url": "https://www.woolworths.com.au/shop/productdetails/768123",
    "img": "https://cdn0.woolworths.media/content/wowproductimages/medium/768123.jpg",
    "price": 2.15,
    "quantity": 0.14,
    "unitPrice": 15.4
  },
  {
    "name": "Chobani Vanilla Greek Yogurt Pouch Yoghurt Pouch",
    "url": "https://www.woolworths.com.au/shop/productdetails/926531",
    "img": "https://cdn0.woolworths.media/content/wowproductimages/medium/926531.jpg",
    "price": 2.15,
    "quantity": 0.14,
    "unitPrice": 15.4
  },
  {
    "name": "Chobani Mango Greek Yogurt Pouch",
    "url": "https://www.woolworths.com.au/shop/productdetails/168057",
    "img": "https://cdn0.woolworths.media/content/wowproductimages/medium/168057.jpg",
    "price": 2.15,
    "quantity": 0.14,
    "unitPrice": 15.4
  },
  {
    "name": "Kellogg's Coco Pops Chocolatey Breakfast Cereal",
    "url": "https://www.woolworths.com.au/shop/productdetails/701707",
    "img": "https://cdn0.woolworths.media/content/wowproductimages/medium/701707.jpg",
    "price": 10,
    "quantity": 0.65,
    "unitPrice": 15.4
  },
  {
    "name": "Green's Temptations Blueberry & Buttermilk Pancake Shake",
    "url": "https://www.woolworths.com.au/shop/productdetails/85456",
    "img": "https://cdn0.woolworths.media/content/wowproductimages/medium/085456.jpg",
    "price": 5,
    "quantity": 0.325,
    "unitPrice": 15.4
  },
  {
    "name": "Green's Premium Banoffee Pudding",
    "url": "https://www.woolworths.com.au/shop/productdetails/60721",
    "img": "https://cdn0.woolworths.media/content/wowproductimages/medium/060721.jpg",
    "price": 4,
    "quantity": 0.26,
    "unitPrice": 15.4
  },
  {
    "name": "Green's Protein Pancake Mix",
    "url": "https://www.woolworths.com.au/shop/productdetails/212364",
    "img": "https://cdn0.woolworths.media/content/wowproductimages/medium/212364.jpg",
    "price": 5,
    "quantity": 0.325,
    "unitPrice": 15.4
  },
  {
    "name": "Green's Temptations Blueberry & Buttermilk Pancake Shake",
    "url": "https://www.woolworths.com.au/shop/productdetails/85456",
    "img": "https://cdn0.woolworths.media/content/wowproductimages/medium/085456.jpg",
    "price": 5,
    "quantity": 0.325,
    "unitPrice": 15.4
  },
  {
    "name": "Black Olives Pitted ",
    "url": "https://www.coles.com.au/product/always-fresh-black-olives-pitted--220g-2013138",
    "img": "https://productimages.coles.com.au/productimages/2/2013138.jpg",
    "price": 3.4,
    "quantity": 0.22,
    "unitPrice": 15.45
  },
  {
    "name": "Brown Mushrooms Loose",
    "url": "https://www.coles.com.au/product/coles-brown-mushrooms-loose-approx.-200g-each-4590551",
    "img": "https://productimages.coles.com.au/productimages/4/4590551.jpg",
    "price": 3.1,
    "quantity": 0.2,
    "unitPrice": 15.5
  },
  {
    "name": "Portobello Mushrooms",
    "url": "https://www.coles.com.au/product/coles-portobello-mushrooms-approx.-200g-each-4590573",
    "img": "https://productimages.coles.com.au/productimages/4/4590573.jpg",
    "price": 3.1,
    "quantity": 0.2,
    "unitPrice": 15.5
  },
  {
    "name": "Brown Mushrooms Loose",
    "url": "https://www.coles.com.au/product/coles-brown-mushrooms-loose-approx.-200g-each-4590551",
    "img": "https://productimages.coles.com.au/productimages/4/4590551.jpg",
    "price": 3.1,
    "quantity": 0.2,
    "unitPrice": 15.5
  },
  {
    "name": "Portobello Mushrooms",
    "url": "https://www.coles.com.au/product/coles-portobello-mushrooms-approx.-200g-each-4590573",
    "img": "https://productimages.coles.com.au/productimages/4/4590573.jpg",
    "price": 3.1,
    "quantity": 0.2,
    "unitPrice": 15.5
  },
  {
    "name": "Trancetto Cacao Cakes 10 pack",
    "url": "https://www.coles.com.au/product/balconi-trancetto-cacao-cakes-10-pack-280g-9228493",
    "img": "https://productimages.coles.com.au/productimages/9/9228493.jpg",
    "price": 4.35,
    "quantity": 0.28,
    "unitPrice": 15.5
  },
  {
    "name": "Thawed MSC Smoked Cod Fillet",
    "url": "https://www.coles.com.au/product/coles-deli-thawed-msc-smoked-cod-fillet-approx.-200g-each-222782",
    "img": "https://productimages.coles.com.au/productimages/2/222782.jpg",
    "price": 3.1,
    "quantity": 0.2,
    "unitPrice": 15.5
  },
  {
    "name": "Thawed MSC Smoked Cod Fillet",
    "url": "https://www.coles.com.au/product/coles-deli-thawed-msc-smoked-cod-fillet-approx.-200g-each-222782",
    "img": "https://productimages.coles.com.au/productimages/2/222782.jpg",
    "price": 3.1,
    "quantity": 0.2,
    "unitPrice": 15.5
  },
  {
    "name": "Hazelnut Chocolate Spread",
    "url": "https://www.coles.com.au/product/nutella-hazelnut-chocolate-spread-400g-9032651",
    "img": "https://productimages.coles.com.au/productimages/9/9032651.jpg",
    "price": 6.2,
    "quantity": 0.4,
    "unitPrice": 15.5
  },
  {
    "name": "Crunchy Natural Peanut Butter",
    "url": "https://www.coles.com.au/product/mayver's-crunchy-natural-peanut-butter-375g-2621632",
    "img": "https://productimages.coles.com.au/productimages/2/2621632.jpg",
    "price": 5.8,
    "quantity": 0.375,
    "unitPrice": 15.5
  },
  {
    "name": "Smooth Natural Peanut Butter",
    "url": "https://www.coles.com.au/product/mayver's-smooth-natural-peanut-butter-375g-2621643",
    "img": "https://productimages.coles.com.au/productimages/2/2621643.jpg",
    "price": 5.8,
    "quantity": 0.375,
    "unitPrice": 15.5
  },
  {
    "name": "Crunchy Dark Roast Natural Peanut Butter",
    "url": "https://www.coles.com.au/product/mayver's-crunchy-dark-roast-natural-peanut-butter-375g-2622001",
    "img": "https://productimages.coles.com.au/productimages/2/2622001.jpg",
    "price": 5.8,
    "quantity": 0.375,
    "unitPrice": 15.5
  },
  {
    "name": "Smooth Dark Roast Natural Peanut Butter",
    "url": "https://www.coles.com.au/product/mayver's-smooth-dark-roast-natural-peanut-butter-375g-2622012",
    "img": "https://productimages.coles.com.au/productimages/2/2622012.jpg",
    "price": 5.8,
    "quantity": 0.375,
    "unitPrice": 15.5
  },
  {
    "name": "Smunchy Natural Unsalted Peanut Butter",
    "url": "https://www.coles.com.au/product/mayver's-smunchy-natural-unsalted-peanut-butter-375g-3579236",
    "img": "https://productimages.coles.com.au/productimages/3/3579236.jpg",
    "price": 5.8,
    "quantity": 0.375,
    "unitPrice": 15.5
  },
  {
    "name": "Extra Crunchy Natural Peanut Butter",
    "url": "https://www.coles.com.au/product/mayvers-extra-crunchy-natural-peanut-butter-375g-3851172",
    "img": "https://productimages.coles.com.au/productimages/3/3851172.jpg",
    "price": 5.8,
    "quantity": 0.375,
    "unitPrice": 15.5
  },
  {
    "name": "Dark Roasted Extra Crunchy Natural Peanut Butter",
    "url": "https://www.coles.com.au/product/mayvers-dark-roasted-extra-crunchy-natural-peanut-butter-375g-3851183",
    "img": "https://productimages.coles.com.au/productimages/3/3851183.jpg",
    "price": 5.8,
    "quantity": 0.375,
    "unitPrice": 15.5
  },
  {
    "name": "Smunchy 5 Seeds Peanut Butter",
    "url": "https://www.coles.com.au/product/mayvers-smunchy-5-seeds-peanut-butter-375g-7024197",
    "img": "https://productimages.coles.com.au/productimages/7/7024197.jpg",
    "price": 5.8,
    "quantity": 0.375,
    "unitPrice": 15.5
  },
  {
    "name": "Hazelnut Chocolate Spread",
    "url": "https://www.coles.com.au/product/nutella-hazelnut-chocolate-spread-400g-9032651",
    "img": "https://productimages.coles.com.au/productimages/9/9032651.jpg",
    "price": 6.2,
    "quantity": 0.4,
    "unitPrice": 15.5
  },
  {
    "name": "Crunchy Natural Peanut Butter",
    "url": "https://www.coles.com.au/product/mayver's-crunchy-natural-peanut-butter-375g-2621632",
    "img": "https://productimages.coles.com.au/productimages/2/2621632.jpg",
    "price": 5.8,
    "quantity": 0.375,
    "unitPrice": 15.5
  },
  {
    "name": "Smooth Natural Peanut Butter",
    "url": "https://www.coles.com.au/product/mayver's-smooth-natural-peanut-butter-375g-2621643",
    "img": "https://productimages.coles.com.au/productimages/2/2621643.jpg",
    "price": 5.8,
    "quantity": 0.375,
    "unitPrice": 15.5
  },
  {
    "name": "Crunchy Dark Roast Natural Peanut Butter",
    "url": "https://www.coles.com.au/product/mayver's-crunchy-dark-roast-natural-peanut-butter-375g-2622001",
    "img": "https://productimages.coles.com.au/productimages/2/2622001.jpg",
    "price": 5.8,
    "quantity": 0.375,
    "unitPrice": 15.5
  },
  {
    "name": "Smooth Dark Roast Natural Peanut Butter",
    "url": "https://www.coles.com.au/product/mayver's-smooth-dark-roast-natural-peanut-butter-375g-2622012",
    "img": "https://productimages.coles.com.au/productimages/2/2622012.jpg",
    "price": 5.8,
    "quantity": 0.375,
    "unitPrice": 15.5
  },
  {
    "name": "Smunchy Natural Unsalted Peanut Butter",
    "url": "https://www.coles.com.au/product/mayver's-smunchy-natural-unsalted-peanut-butter-375g-3579236",
    "img": "https://productimages.coles.com.au/productimages/3/3579236.jpg",
    "price": 5.8,
    "quantity": 0.375,
    "unitPrice": 15.5
  },
  {
    "name": "Extra Crunchy Natural Peanut Butter",
    "url": "https://www.coles.com.au/product/mayvers-extra-crunchy-natural-peanut-butter-375g-3851172",
    "img": "https://productimages.coles.com.au/productimages/3/3851172.jpg",
    "price": 5.8,
    "quantity": 0.375,
    "unitPrice": 15.5
  },
  {
    "name": "Dark Roasted Extra Crunchy Natural Peanut Butter",
    "url": "https://www.coles.com.au/product/mayvers-dark-roasted-extra-crunchy-natural-peanut-butter-375g-3851183",
    "img": "https://productimages.coles.com.au/productimages/3/3851183.jpg",
    "price": 5.8,
    "quantity": 0.375,
    "unitPrice": 15.5
  },
  {
    "name": "Smunchy 5 Seeds Peanut Butter",
    "url": "https://www.coles.com.au/product/mayvers-smunchy-5-seeds-peanut-butter-375g-7024197",
    "img": "https://productimages.coles.com.au/productimages/7/7024197.jpg",
    "price": 5.8,
    "quantity": 0.375,
    "unitPrice": 15.5
  },
  {
    "name": "Hazelnut Chocolate Spread",
    "url": "https://www.coles.com.au/product/nutella-hazelnut-chocolate-spread-400g-9032651",
    "img": "https://productimages.coles.com.au/productimages/9/9032651.jpg",
    "price": 6.2,
    "quantity": 0.4,
    "unitPrice": 15.5
  },
  {
    "name": "Classic Yellow Mustard",
    "url": "https://www.coles.com.au/product/french's-classic-yellow-mustard-226g-7905105",
    "img": "https://productimages.coles.com.au/productimages/7/7905105.jpg",
    "price": 3.5,
    "quantity": 0.226,
    "unitPrice": 15.5
  },
  {
    "name": "Classic Yellow Mustard",
    "url": "https://www.coles.com.au/product/french's-classic-yellow-mustard-226g-7905105",
    "img": "https://productimages.coles.com.au/productimages/7/7905105.jpg",
    "price": 3.5,
    "quantity": 0.226,
    "unitPrice": 15.5
  },
  {
    "name": "Frozen Family Beef Pie",
    "url": "https://www.coles.com.au/product/coles-frozen-family-beef-pie-600g-5335629",
    "img": "https://productimages.coles.com.au/productimages/5/5335629.jpg",
    "price": 9.3,
    "quantity": 0.6,
    "unitPrice": 15.5
  },
  {
    "name": "Thawed MSC Smoked Cod Fillet",
    "url": "https://www.coles.com.au/product/coles-deli-thawed-msc-smoked-cod-fillet-approx.-200g-each-222782",
    "img": "https://productimages.coles.com.au/productimages/2/222782.jpg",
    "price": 3.1,
    "quantity": 0.2,
    "unitPrice": 15.5
  },
  {
    "name": "Woolworths Lean Beef Mince",
    "url": "https://www.woolworths.com.au/shop/productdetails/577862",
    "img": "https://cdn0.woolworths.media/content/wowproductimages/medium/577862.jpg",
    "price": 15.5,
    "quantity": 1,
    "unitPrice": 15.5
  },
  {
    "name": "Nutella Hazelnut Chocolate Spread Spread",
    "url": "https://www.woolworths.com.au/shop/productdetails/147312",
    "img": "https://cdn0.woolworths.media/content/wowproductimages/medium/147312.jpg",
    "price": 6.2,
    "quantity": 0.4,
    "unitPrice": 15.5
  },
  {
    "name": "Mayver's Crunchy Peanut Butter",
    "url": "https://www.woolworths.com.au/shop/productdetails/781034",
    "img": "https://cdn0.woolworths.media/content/wowproductimages/medium/781034.jpg",
    "price": 5.8,
    "quantity": 0.375,
    "unitPrice": 15.5
  },
  {
    "name": "Mayver's Smooth Peanut Butter",
    "url": "https://www.woolworths.com.au/shop/productdetails/781030",
    "img": "https://cdn0.woolworths.media/content/wowproductimages/medium/781030.jpg",
    "price": 5.8,
    "quantity": 0.375,
    "unitPrice": 15.5
  },
  {
    "name": "Mayver's Dark Peanut Butter Crunchy",
    "url": "https://www.woolworths.com.au/shop/productdetails/575838",
    "img": "https://cdn0.woolworths.media/content/wowproductimages/medium/575838.jpg",
    "price": 5.8,
    "quantity": 0.375,
    "unitPrice": 15.5
  },
  {
    "name": "Cloverdale Pure Organic Honey Squeeze",
    "url": "https://www.woolworths.com.au/shop/productdetails/100123",
    "img": "https://cdn0.woolworths.media/content/wowproductimages/medium/100123.jpg",
    "price": 6.2,
    "quantity": 0.4,
    "unitPrice": 15.5
  },
  {
    "name": "Mayver's Dark Roast Smooth Peanut Butter",
    "url": "https://www.woolworths.com.au/shop/productdetails/575837",
    "img": "https://cdn0.woolworths.media/content/wowproductimages/medium/575837.jpg",
    "price": 5.8,
    "quantity": 0.375,
    "unitPrice": 15.5
  },
  {
    "name": "Mayver's Unsalted Smunchy Peanut Butter",
    "url": "https://www.woolworths.com.au/shop/productdetails/855447",
    "img": "https://cdn0.woolworths.media/content/wowproductimages/medium/855447.jpg",
    "price": 5.8,
    "quantity": 0.375,
    "unitPrice": 15.5
  },
  {
    "name": "Mayver's Extra Crunchy Peanut Butter",
    "url": "https://www.woolworths.com.au/shop/productdetails/97301",
    "img": "https://cdn0.woolworths.media/content/wowproductimages/medium/097301.jpg",
    "price": 5.8,
    "quantity": 0.375,
    "unitPrice": 15.5
  },
  {
    "name": "Mayver's Dark Roasted Extra Crunchy Peanut Butter",
    "url": "https://www.woolworths.com.au/shop/productdetails/159971",
    "img": "https://cdn0.woolworths.media/content/wowproductimages/medium/159971.jpg",
    "price": 5.8,
    "quantity": 0.375,
    "unitPrice": 15.5
  },
  {
    "name": "Mayvers Smunchy 5 Seeds Peanut Butter",
    "url": "https://www.woolworths.com.au/shop/productdetails/322673",
    "img": "https://cdn0.woolworths.media/content/wowproductimages/medium/322673.jpg",
    "price": 5.8,
    "quantity": 0.375,
    "unitPrice": 15.5
  },
  {
    "name": "Woolworths Yellowfin Tuna & Rice Yellow Curry Fried Rice",
    "url": "https://www.woolworths.com.au/shop/productdetails/66605",
    "img": "https://cdn0.woolworths.media/content/wowproductimages/medium/066605.jpg",
    "price": 2.95,
    "quantity": 0.19,
    "unitPrice": 15.53
  },
  {
    "name": "Smokey Bacon & Cheese Sausages",
    "url": "https://www.coles.com.au/product/rocco's-smokey-bacon-&-cheese-sausages-450g-2951568",
    "img": "https://productimages.coles.com.au/productimages/2/2951568.jpg",
    "price": 7,
    "quantity": 0.45,
    "unitPrice": 15.56
  },
  {
    "name": "Vienna Style Frankfurters",
    "url": "https://www.coles.com.au/product/rocco's-vienna-style-frankfurters-450g-3220921",
    "img": "https://productimages.coles.com.au/productimages/3/3220921.jpg",
    "price": 7,
    "quantity": 0.45,
    "unitPrice": 15.56
  },
  {
    "name": "Urban Eats Cauliflower Buffalo Wings",
    "url": "https://www.aldi.com.au/en/groceries/limited-time-only/limited-time-only-detail/ps/p/urban-eats-cauliflower-buffalo-wings-320g/",
    "img": "https://www.aldi.com.au/fileadmin/_processed_/c/c/csm_704495_DE_Q_01_1x1_c01a57a40d.png",
    "price": 4.99,
    "quantity": 0.32,
    "unitPrice": 15.59
  },
  {
    "name": "Urban Eats Cauliflower Buffalo Wings",
    "url": "https://www.aldi.com.au/en/groceries/limited-time-only/limited-time-only-detail/ps/p/urban-eats-cauliflower-buffalo-wings-320g/",
    "img": "https://www.aldi.com.au/fileadmin/_processed_/c/c/csm_704495_DE_Q_01_1x1_c01a57a40d.png",
    "price": 4.99,
    "quantity": 0.32,
    "unitPrice": 15.59
  },
  {
    "name": "Cocktail Truss Tomatoes",
    "url": "https://www.coles.com.au/product/coles-cocktail-truss-tomatoes-250g-3088176",
    "img": "https://productimages.coles.com.au/productimages/3/3088176.jpg",
    "price": 3.9,
    "quantity": 0.25,
    "unitPrice": 15.6
  },
  {
    "name": "Vine Ripened Cherry Tomatoes",
    "url": "https://www.coles.com.au/product/coles-vine-ripened-cherry-tomatoes-250g-4830826",
    "img": "https://productimages.coles.com.au/productimages/4/4830826.jpg",
    "price": 3.9,
    "quantity": 0.25,
    "unitPrice": 15.6
  },
  {
    "name": "Truss Tomatoes",
    "url": "https://www.coles.com.au/product/organic-truss-tomatoes-500g-3526863",
    "img": "https://productimages.coles.com.au/productimages/3/3526863.jpg",
    "price": 7.8,
    "quantity": 0.5,
    "unitPrice": 15.6
  },
  {
    "name": "Cocktail Truss Tomatoes",
    "url": "https://www.coles.com.au/product/coles-cocktail-truss-tomatoes-250g-3088176",
    "img": "https://productimages.coles.com.au/productimages/3/3088176.jpg",
    "price": 3.9,
    "quantity": 0.25,
    "unitPrice": 15.6
  },
  {
    "name": "Vine Ripened Cherry Tomatoes",
    "url": "https://www.coles.com.au/product/coles-vine-ripened-cherry-tomatoes-250g-4830826",
    "img": "https://productimages.coles.com.au/productimages/4/4830826.jpg",
    "price": 3.9,
    "quantity": 0.25,
    "unitPrice": 15.6
  },
  {
    "name": "Truss Tomatoes",
    "url": "https://www.coles.com.au/product/organic-truss-tomatoes-500g-3526863",
    "img": "https://productimages.coles.com.au/productimages/3/3526863.jpg",
    "price": 7.8,
    "quantity": 0.5,
    "unitPrice": 15.6
  },
  {
    "name": "Garlic & Herb Mini Naans 5 pack",
    "url": "https://www.coles.com.au/product/simson's-pantry-garlic-&-herb-mini-naans-5-pack-225g-5871658",
    "img": "https://productimages.coles.com.au/productimages/5/5871658.jpg",
    "price": 3.5,
    "quantity": 0.225,
    "unitPrice": 15.6
  },
  {
    "name": "Festive Chocolate Pudding Large",
    "url": "https://www.coles.com.au/product/coles-festive-chocolate-pudding-large-500g-2527190",
    "img": "https://productimages.coles.com.au/productimages/2/2527190.jpg",
    "price": 7.8,
    "quantity": 0.5,
    "unitPrice": 15.6
  },
  {
    "name": "Festive Salted Caramel Pudding Large",
    "url": "https://www.coles.com.au/product/coles-festive-salted-caramel-pudding-large-500g-4327691",
    "img": "https://productimages.coles.com.au/productimages/4/4327691.jpg",
    "price": 7.8,
    "quantity": 0.5,
    "unitPrice": 15.6
  },
  {
    "name": "Traditional Panettone",
    "url": "https://www.coles.com.au/product/ital-traditional-panettone-800g-8211280",
    "img": "https://productimages.coles.com.au/productimages/8/8211280.jpg",
    "price": 12.5,
    "quantity": 0.8,
    "unitPrice": 15.6
  },
  {
    "name": "Hazelnut Honey And Cinnamon Crunchy Clusters",
    "url": "https://www.coles.com.au/product/vogel's-hazelnut-honey-and-cinnamon-crunchy-clusters-450g-4311261",
    "img": "https://productimages.coles.com.au/productimages/4/4311261.jpg",
    "price": 7,
    "quantity": 0.45,
    "unitPrice": 15.6
  },
  {
    "name": "Plus Immune Support Breakfast Cereal",
    "url": "https://www.coles.com.au/product/uncle-tobys-plus-immune-support-breakfast-cereal-565g-7019663",
    "img": "https://productimages.coles.com.au/productimages/7/7019663.jpg",
    "price": 8.8,
    "quantity": 0.565,
    "unitPrice": 15.6
  },
  {
    "name": "Crunchy Nut Corn Flakes Breakfast Cereal",
    "url": "https://www.coles.com.au/product/kellogg's-crunchy-nut-corn-flakes-breakfast-cereal-640g-5116239",
    "img": "https://productimages.coles.com.au/productimages/5/5116239.jpg",
    "price": 10,
    "quantity": 0.64,
    "unitPrice": 15.6
  },
  {
    "name": "La Pasta Family Carbonara",
    "url": "https://www.coles.com.au/product/san-remo-la-pasta-family-carbonara-160g-8536875",
    "img": "https://productimages.coles.com.au/productimages/8/8536875.jpg",
    "price": 2.5,
    "quantity": 0.16,
    "unitPrice": 15.6
  },
  {
    "name": "La Pasta Family Macaroni Cheese",
    "url": "https://www.coles.com.au/product/san-remo-la-pasta-family-macaroni-cheese-160g-8536886",
    "img": "https://productimages.coles.com.au/productimages/8/8536886.jpg",
    "price": 2.5,
    "quantity": 0.16,
    "unitPrice": 15.6
  },
  {
    "name": "La Pasta Family Alfredo",
    "url": "https://www.coles.com.au/product/san-remo-la-pasta-family-alfredo-160g-8536897",
    "img": "https://productimages.coles.com.au/productimages/8/8536897.jpg",
    "price": 2.5,
    "quantity": 0.16,
    "unitPrice": 15.6
  },
  {
    "name": "Sauce",
    "url": "https://www.coles.com.au/product/hp-sauce-390ml-9899750",
    "img": "https://productimages.coles.com.au/productimages/9/9899750.jpg",
    "price": 6.1,
    "quantity": 0.39,
    "unitPrice": 15.6
  },
  {
    "name": "Sauce",
    "url": "https://www.coles.com.au/product/hp-sauce-390ml-9899750",
    "img": "https://productimages.coles.com.au/productimages/9/9899750.jpg",
    "price": 6.1,
    "quantity": 0.39,
    "unitPrice": 15.6
  },
  {
    "name": "Takoyaki Octopus Balls",
    "url": "https://www.coles.com.au/product/king-of-kings-takoyaki-octopus-balls-450g-5300657",
    "img": "https://productimages.coles.com.au/productimages/5/5300657.jpg",
    "price": 7,
    "quantity": 0.45,
    "unitPrice": 15.6
  },
  {
    "name": "Frozen Garlic Pizza 2 Pack",
    "url": "https://www.coles.com.au/product/mccain-frozen-garlic-pizza-2-pack-320g-9847269",
    "img": "https://productimages.coles.com.au/productimages/9/9847269.jpg",
    "price": 5,
    "quantity": 0.32,
    "unitPrice": 15.6
  },
  {
    "name": "Puregg Simply Egg Whites",
    "url": "https://www.woolworths.com.au/shop/productdetails/715111",
    "img": "https://cdn0.woolworths.media/content/wowproductimages/medium/715111.jpg",
    "price": 7.8,
    "quantity": 0.5,
    "unitPrice": 15.6
  },
  {
    "name": "Woolworths Cookies & Cream Cheesecake",
    "url": "https://www.woolworths.com.au/shop/productdetails/334911",
    "img": "https://cdn0.woolworths.media/content/wowproductimages/medium/334911.jpg",
    "price": 12.5,
    "quantity": 0.8,
    "unitPrice": 15.6
  },
  {
    "name": "Abbott's Bakery Gluten Free Farmhouse Wholemeal Bread Slice Loaf",
    "url": "https://www.woolworths.com.au/shop/productdetails/103219",
    "img": "https://cdn0.woolworths.media/content/wowproductimages/medium/103219.jpg",
    "price": 7.8,
    "quantity": 0.5,
    "unitPrice": 15.6
  },
  {
    "name": "Abbott's Bakery Gluten Free Soy & Linseed Sandwich Slice Bread Loaf",
    "url": "https://www.woolworths.com.au/shop/productdetails/535646",
    "img": "https://cdn0.woolworths.media/content/wowproductimages/medium/535646.jpg",
    "price": 7.8,
    "quantity": 0.5,
    "unitPrice": 15.6
  },
  {
    "name": "Woolworths Salted Caramel Sponge Pudding Pudding",
    "url": "https://www.woolworths.com.au/shop/productdetails/826016",
    "img": "https://cdn0.woolworths.media/content/wowproductimages/medium/826016.jpg",
    "price": 7.8,
    "quantity": 0.5,
    "unitPrice": 15.6
  },
  {
    "name": "Woolworths Chocolate Sponge Pudding",
    "url": "https://www.woolworths.com.au/shop/productdetails/605303",
    "img": "https://cdn0.woolworths.media/content/wowproductimages/medium/605303.jpg",
    "price": 7.8,
    "quantity": 0.5,
    "unitPrice": 15.6
  },
  {
    "name": "San Remo La Pasta Macaroni Cheese",
    "url": "https://www.woolworths.com.au/shop/productdetails/700721",
    "img": "https://cdn0.woolworths.media/content/wowproductimages/medium/700721.jpg",
    "price": 2.5,
    "quantity": 0.16,
    "unitPrice": 15.6
  },
  {
    "name": "San Remo La Pasta Alfredo",
    "url": "https://www.woolworths.com.au/shop/productdetails/700692",
    "img": "https://cdn0.woolworths.media/content/wowproductimages/medium/700692.jpg",
    "price": 2.5,
    "quantity": 0.16,
    "unitPrice": 15.6
  },
  {
    "name": "San Remo La Pasta Carbonara",
    "url": "https://www.woolworths.com.au/shop/productdetails/700713",
    "img": "https://cdn0.woolworths.media/content/wowproductimages/medium/700713.jpg",
    "price": 2.5,
    "quantity": 0.16,
    "unitPrice": 15.6
  },
  {
    "name": "San Remo La Pasta Creamy Bacon",
    "url": "https://www.woolworths.com.au/shop/productdetails/700712",
    "img": "https://cdn0.woolworths.media/content/wowproductimages/medium/700712.jpg",
    "price": 2.5,
    "quantity": 0.16,
    "unitPrice": 15.6
  },
  {
    "name": "Kellogg's Crunchy Nut Corn Flakes Breakfast Cereal",
    "url": "https://www.woolworths.com.au/shop/productdetails/202915",
    "img": "https://cdn0.woolworths.media/content/wowproductimages/medium/202915.jpg",
    "price": 10,
    "quantity": 0.64,
    "unitPrice": 15.6
  },
  {
    "name": "Bega Simply Nuts Squeeze Bottle Smooth Natural Peanut Butter",
    "url": "https://www.woolworths.com.au/shop/productdetails/322696",
    "img": "https://cdn0.woolworths.media/content/wowproductimages/medium/322696.jpg",
    "price": 7,
    "quantity": 0.45,
    "unitPrice": 15.6
  },
  {
    "name": "Kellogg's Sultana Bran Oat Cluster Breakfast Cereal",
    "url": "https://www.woolworths.com.au/shop/productdetails/202490",
    "img": "https://cdn0.woolworths.media/content/wowproductimages/medium/202490.jpg",
    "price": 7.5,
    "quantity": 0.48,
    "unitPrice": 15.6
  },
  {
    "name": "Kellogg's Crunchy Nut Clusters Breakfast Cereal",
    "url": "https://www.woolworths.com.au/shop/productdetails/701736",
    "img": "https://cdn0.woolworths.media/content/wowproductimages/medium/701736.jpg",
    "price": 7,
    "quantity": 0.45,
    "unitPrice": 15.6
  },
  {
    "name": "Bega Simply Nuts Crunchy Squeeze Bottle",
    "url": "https://www.woolworths.com.au/shop/productdetails/322669",
    "img": "https://cdn0.woolworths.media/content/wowproductimages/medium/322669.jpg",
    "price": 7,
    "quantity": 0.45,
    "unitPrice": 15.6
  },
  {
    "name": "Uncle Tobys Plus Immune Support Cereal",
    "url": "https://www.woolworths.com.au/shop/productdetails/387055",
    "img": "https://cdn0.woolworths.media/content/wowproductimages/medium/387055.jpg",
    "price": 8.8,
    "quantity": 0.565,
    "unitPrice": 15.6
  },
  {
    "name": "Ayam Satay Sauce",
    "url": "https://www.woolworths.com.au/shop/productdetails/90316",
    "img": "https://cdn0.woolworths.media/content/wowproductimages/medium/090316.jpg",
    "price": 3.9,
    "quantity": 0.25,
    "unitPrice": 15.6
  },
  {
    "name": "Ayam Gado Gado Peanut Sauce Gado Gado Peanut",
    "url": "https://www.woolworths.com.au/shop/productdetails/702417",
    "img": "https://cdn0.woolworths.media/content/wowproductimages/medium/702417.jpg",
    "price": 3.9,
    "quantity": 0.25,
    "unitPrice": 15.6
  },
  {
    "name": "Whole Earth Stevia Sugar Replacement Super Valuepack",
    "url": "https://www.woolworths.com.au/shop/productdetails/163996",
    "img": "https://cdn0.woolworths.media/content/wowproductimages/medium/163996.jpg",
    "price": 5.45,
    "quantity": 0.35,
    "unitPrice": 15.6
  },
  {
    "name": "Betty Crocker Vanilla Cupcake Mix Cupcake Mix",
    "url": "https://www.woolworths.com.au/shop/productdetails/760480",
    "img": "https://cdn0.woolworths.media/content/wowproductimages/medium/760480.jpg",
    "price": 7,
    "quantity": 0.45,
    "unitPrice": 15.6
  },
  {
    "name": "Kialla Pure Organic Soy & Linseed Sourdough Mix",
    "url": "https://www.woolworths.com.au/shop/productdetails/202595",
    "img": "https://cdn0.woolworths.media/content/wowproductimages/medium/202595.jpg",
    "price": 7,
    "quantity": 0.45,
    "unitPrice": 15.6
  },
  {
    "name": "Betty Crocker Chocolate Cupcake Mix Cupcake Mix",
    "url": "https://www.woolworths.com.au/shop/productdetails/760495",
    "img": "https://cdn0.woolworths.media/content/wowproductimages/medium/760495.jpg",
    "price": 7,
    "quantity": 0.45,
    "unitPrice": 15.6
  },
  {
    "name": "Kialla Pure Ancient Seeds & Grain Mix",
    "url": "https://www.woolworths.com.au/shop/productdetails/204690",
    "img": "https://cdn0.woolworths.media/content/wowproductimages/medium/204690.jpg",
    "price": 7,
    "quantity": 0.45,
    "unitPrice": 15.6
  },
  {
    "name": "Kialla Pure Organic Classic Sourdough Mix",
    "url": "https://www.woolworths.com.au/shop/productdetails/205506",
    "img": "https://cdn0.woolworths.media/content/wowproductimages/medium/205506.jpg",
    "price": 7,
    "quantity": 0.45,
    "unitPrice": 15.6
  },
  {
    "name": "Kitchen Veggie Mash",
    "url": "https://www.coles.com.au/product/coles-kitchen-veggie-mash-320g-6140385",
    "img": "https://productimages.coles.com.au/productimages/6/6140385.jpg",
    "price": 5,
    "quantity": 0.32,
    "unitPrice": 15.63
  },
  {
    "name": "Kitchen Veggie Mash",
    "url": "https://www.coles.com.au/product/coles-kitchen-veggie-mash-320g-6140385",
    "img": "https://productimages.coles.com.au/productimages/6/6140385.jpg",
    "price": 5,
    "quantity": 0.32,
    "unitPrice": 15.63
  },
  {
    "name": "No Added Hormone Beef 4 Star Lean Mince",
    "url": "https://www.coles.com.au/product/coles-no-added-hormone-beef-4-star-lean-mince-800g-3449795",
    "img": "https://productimages.coles.com.au/productimages/3/3449795.jpg",
    "price": 12.5,
    "quantity": 0.8,
    "unitPrice": 15.63
  },
  {
    "name": "Honey Nut Medley",
    "url": "https://www.coles.com.au/product/market-lane-honey-nut-medley-1150g-5615590",
    "img": "https://productimages.coles.com.au/productimages/5/5615590.jpg",
    "price": 18,
    "quantity": 1.15,
    "unitPrice": 15.65
  },
  {
    "name": "Honey Nut Medley",
    "url": "https://www.coles.com.au/product/market-lane-honey-nut-medley-1150g-5615590",
    "img": "https://productimages.coles.com.au/productimages/5/5615590.jpg",
    "price": 18,
    "quantity": 1.15,
    "unitPrice": 15.65
  },
  {
    "name": "Celery Sticks Prepacked",
    "url": "https://www.coles.com.au/product/coles-celery-sticks-prepacked-300g-1069160",
    "img": "https://productimages.coles.com.au/productimages/1/1069160.jpg",
    "price": 4.7,
    "quantity": 0.3,
    "unitPrice": 15.67
  },
  {
    "name": "Celery Sticks Prepacked",
    "url": "https://www.coles.com.au/product/coles-celery-sticks-prepacked-300g-1069160",
    "img": "https://productimages.coles.com.au/productimages/1/1069160.jpg",
    "price": 4.7,
    "quantity": 0.3,
    "unitPrice": 15.67
  },
  {
    "name": "Hans Pork Ham Steaks",
    "url": "https://www.woolworths.com.au/shop/productdetails/334982",
    "img": "https://cdn0.woolworths.media/content/wowproductimages/medium/334982.jpg",
    "price": 4.7,
    "quantity": 0.3,
    "unitPrice": 15.67
  },
  {
    "name": "Safcol No Nets Tuna In Springwater",
    "url": "https://www.woolworths.com.au/shop/productdetails/236624",
    "img": "https://cdn0.woolworths.media/content/wowproductimages/medium/236624.jpg",
    "price": 2.9,
    "quantity": 0.185,
    "unitPrice": 15.68
  },
  {
    "name": "Safcol No Nets Tuna In Oil",
    "url": "https://www.woolworths.com.au/shop/productdetails/236763",
    "img": "https://cdn0.woolworths.media/content/wowproductimages/medium/236763.jpg",
    "price": 2.9,
    "quantity": 0.185,
    "unitPrice": 15.68
  },
  {
    "name": "Safcol No Nets Tuna In Chilli Oil",
    "url": "https://www.woolworths.com.au/shop/productdetails/239636",
    "img": "https://cdn0.woolworths.media/content/wowproductimages/medium/239636.jpg",
    "price": 2.9,
    "quantity": 0.185,
    "unitPrice": 15.68
  },
  {
    "name": "Safcol No Nets Tuna Lemon & Pepper",
    "url": "https://www.woolworths.com.au/shop/productdetails/235599",
    "img": "https://cdn0.woolworths.media/content/wowproductimages/medium/235599.jpg",
    "price": 2.9,
    "quantity": 0.185,
    "unitPrice": 15.68
  },
  {
    "name": "Pinsa Style Pizza Base",
    "url": "https://www.coles.com.au/product/toscano-pinsa-style-pizza-base-230g-6824245",
    "img": "https://productimages.coles.com.au/productimages/6/6824245.jpg",
    "price": 3.6,
    "quantity": 0.23,
    "unitPrice": 15.7
  },
  {
    "name": "Frosties Breakfast Cereal",
    "url": "https://www.coles.com.au/product/kellogg's-frosties-breakfast-cereal-350g-1033628",
    "img": "https://productimages.coles.com.au/productimages/1/1033628.jpg",
    "price": 5.5,
    "quantity": 0.35,
    "unitPrice": 15.7
  },
  {
    "name": "I'M Free From Clusters Apple Cinnamon",
    "url": "https://www.coles.com.au/product/coles-i'm-free-from-clusters-apple-cinnamon-350g-5136881",
    "img": "https://productimages.coles.com.au/productimages/5/5136881.jpg",
    "price": 5.5,
    "quantity": 0.35,
    "unitPrice": 15.7
  },
  {
    "name": "I'M Free From Clusters Red Berry",
    "url": "https://www.coles.com.au/product/coles-i'm-free-from-clusters-red-berry-350g-5137079",
    "img": "https://productimages.coles.com.au/productimages/5/5137079.jpg",
    "price": 5.5,
    "quantity": 0.35,
    "unitPrice": 15.7
  },
  {
    "name": "Organic Coconut Oil",
    "url": "https://www.coles.com.au/product/raw-c-organic-coconut-oil-700ml-3218850",
    "img": "https://productimages.coles.com.au/productimages/3/3218850.jpg",
    "price": 11,
    "quantity": 0.7,
    "unitPrice": 15.7
  },
  {
    "name": "Angus Beef Pies",
    "url": "https://www.coles.com.au/product/four-n-twenty-angus-beef-pies-700g-4227336",
    "img": "https://productimages.coles.com.au/productimages/4/4227336.jpg",
    "price": 11,
    "quantity": 0.7,
    "unitPrice": 15.7
  },
  {
    "name": "Angus Beef & Pepper Pies",
    "url": "https://www.coles.com.au/product/four-n-twenty-angus-beef-&-pepper-pies-700g-4227347",
    "img": "https://productimages.coles.com.au/productimages/4/4227347.jpg",
    "price": 11,
    "quantity": 0.7,
    "unitPrice": 15.7
  },
  {
    "name": "Angus Beef Cheese & Bacon Pies",
    "url": "https://www.coles.com.au/product/four-n-twenty-angus-beef-cheese-&-bacon-pies-700g-4227358",
    "img": "https://productimages.coles.com.au/productimages/4/4227358.jpg",
    "price": 11,
    "quantity": 0.7,
    "unitPrice": 15.7
  },
  {
    "name": "I Pastai Fresh Linguine",
    "url": "https://www.woolworths.com.au/shop/productdetails/153019",
    "img": "https://cdn0.woolworths.media/content/wowproductimages/medium/153019.jpg",
    "price": 5.5,
    "quantity": 0.35,
    "unitPrice": 15.7
  },
  {
    "name": "I Pastai Fresh Pappardelle",
    "url": "https://www.woolworths.com.au/shop/productdetails/181873",
    "img": "https://cdn0.woolworths.media/content/wowproductimages/medium/181873.jpg",
    "price": 5.5,
    "quantity": 0.35,
    "unitPrice": 15.7
  },
  {
    "name": "Yoplait Petit Miam Kids Yoghurt Pouch Strawberry",
    "url": "https://www.woolworths.com.au/shop/productdetails/312191",
    "img": "https://cdn0.woolworths.media/content/wowproductimages/medium/312191.jpg",
    "price": 1.1,
    "quantity": 0.07,
    "unitPrice": 15.7
  },
  {
    "name": "Yoplait Petit Miam Kids Yoghurt Pouch Vanilla",
    "url": "https://www.woolworths.com.au/shop/productdetails/955270",
    "img": "https://cdn0.woolworths.media/content/wowproductimages/medium/955270.jpg",
    "price": 1.1,
    "quantity": 0.07,
    "unitPrice": 15.7
  },
  {
    "name": "Yoplait Petit Miam Kids Yoghurt Pouch Blueberry",
    "url": "https://www.woolworths.com.au/shop/productdetails/374587",
    "img": "https://cdn0.woolworths.media/content/wowproductimages/medium/374587.jpg",
    "price": 1.1,
    "quantity": 0.07,
    "unitPrice": 15.7
  },
  {
    "name": "Yoplait Petit Miam Kids Yoghurt Pouch Banana",
    "url": "https://www.woolworths.com.au/shop/productdetails/312195",
    "img": "https://cdn0.woolworths.media/content/wowproductimages/medium/312195.jpg",
    "price": 1.1,
    "quantity": 0.07,
    "unitPrice": 15.7
  },
  {
    "name": "Yoplait Petit Miam Mango Pouch",
    "url": "https://www.woolworths.com.au/shop/productdetails/805964",
    "img": "https://cdn0.woolworths.media/content/wowproductimages/medium/805964.jpg",
    "price": 1.1,
    "quantity": 0.07,
    "unitPrice": 15.7
  },
  {
    "name": "Yoplait Petit Miam Fruit Salad",
    "url": "https://www.woolworths.com.au/shop/productdetails/312179",
    "img": "https://cdn0.woolworths.media/content/wowproductimages/medium/312179.jpg",
    "price": 1.1,
    "quantity": 0.07,
    "unitPrice": 15.7
  },
  {
    "name": "Nando's Perinaise Mild Peri-peri Mayonnaise Sauce",
    "url": "https://www.woolworths.com.au/shop/productdetails/880522",
    "img": "https://cdn0.woolworths.media/content/wowproductimages/medium/880522.jpg",
    "price": 7.3,
    "quantity": 0.465,
    "unitPrice": 15.7
  },
  {
    "name": "Nando's Perinaise Hot Peri-peri Mayonnaise Sauce",
    "url": "https://www.woolworths.com.au/shop/productdetails/166921",
    "img": "https://cdn0.woolworths.media/content/wowproductimages/medium/166921.jpg",
    "price": 7.3,
    "quantity": 0.465,
    "unitPrice": 15.7
  },
  {
    "name": "Kitchen Asian Style Salad Kit",
    "url": "https://www.coles.com.au/product/coles-kitchen-asian-style-salad-kit-350g-2787974",
    "img": "https://productimages.coles.com.au/productimages/2/2787974.jpg",
    "price": 5.5,
    "quantity": 0.35,
    "unitPrice": 15.71
  },
  {
    "name": "Kitchen Kaleslaw Salad Kit",
    "url": "https://www.coles.com.au/product/coles-kitchen-kaleslaw-salad-kit-350g-2790390",
    "img": "https://productimages.coles.com.au/productimages/2/2790390.jpg",
    "price": 5.5,
    "quantity": 0.35,
    "unitPrice": 15.71
  },
  {
    "name": "Australian Baby Capsicums",
    "url": "https://www.coles.com.au/product/coles-australian-baby-capsicums-350g-3066275",
    "img": "https://productimages.coles.com.au/productimages/3/3066275.jpg",
    "price": 5.5,
    "quantity": 0.35,
    "unitPrice": 15.71
  },
  {
    "name": "Kitchen Green Goddess Salad Kit",
    "url": "https://www.coles.com.au/product/coles-kitchen-green-goddess-salad-kit-350g-3858896",
    "img": "https://productimages.coles.com.au/productimages/3/3858896.jpg",
    "price": 5.5,
    "quantity": 0.35,
    "unitPrice": 15.71
  },
  {
    "name": "Kitchen Honey Mustard & Crouton Salad Kit",
    "url": "https://www.coles.com.au/product/coles-kitchen-honey-mustard-&-crouton-salad-kit-350g-5040240",
    "img": "https://productimages.coles.com.au/productimages/5/5040240.jpg",
    "price": 5.5,
    "quantity": 0.35,
    "unitPrice": 15.71
  },
  {
    "name": "Kitchen Asian Style Salad Kit",
    "url": "https://www.coles.com.au/product/coles-kitchen-asian-style-salad-kit-350g-2787974",
    "img": "https://productimages.coles.com.au/productimages/2/2787974.jpg",
    "price": 5.5,
    "quantity": 0.35,
    "unitPrice": 15.71
  },
  {
    "name": "Kitchen Kaleslaw Salad Kit",
    "url": "https://www.coles.com.au/product/coles-kitchen-kaleslaw-salad-kit-350g-2790390",
    "img": "https://productimages.coles.com.au/productimages/2/2790390.jpg",
    "price": 5.5,
    "quantity": 0.35,
    "unitPrice": 15.71
  },
  {
    "name": "Australian Baby Capsicums",
    "url": "https://www.coles.com.au/product/coles-australian-baby-capsicums-350g-3066275",
    "img": "https://productimages.coles.com.au/productimages/3/3066275.jpg",
    "price": 5.5,
    "quantity": 0.35,
    "unitPrice": 15.71
  },
  {
    "name": "Kitchen Green Goddess Salad Kit",
    "url": "https://www.coles.com.au/product/coles-kitchen-green-goddess-salad-kit-350g-3858896",
    "img": "https://productimages.coles.com.au/productimages/3/3858896.jpg",
    "price": 5.5,
    "quantity": 0.35,
    "unitPrice": 15.71
  },
  {
    "name": "Kitchen Honey Mustard & Crouton Salad Kit",
    "url": "https://www.coles.com.au/product/coles-kitchen-honey-mustard-&-crouton-salad-kit-350g-5040240",
    "img": "https://productimages.coles.com.au/productimages/5/5040240.jpg",
    "price": 5.5,
    "quantity": 0.35,
    "unitPrice": 15.71
  },
  {
    "name": "Frozen Buttermilk Chicken Tenders",
    "url": "https://www.coles.com.au/product/coles-frozen-buttermilk-chicken-tenders-400g-3773079",
    "img": "https://productimages.coles.com.au/productimages/3/3773079.jpg",
    "price": 6.3,
    "quantity": 0.4,
    "unitPrice": 15.75
  },
  {
    "name": "RSPCA Approved Chicken Burgers Plain Crumb",
    "url": "https://www.coles.com.au/product/coles-rspca-approved-chicken-burgers-plain-crumb-400g-2903940",
    "img": "https://productimages.coles.com.au/productimages/2/2903940.jpg",
    "price": 6.3,
    "quantity": 0.4,
    "unitPrice": 15.75
  },
  {
    "name": "Wild Caught Pink Salmon Tomato & Onion",
    "url": "https://www.coles.com.au/product/coles-wild-caught-pink-salmon-tomato-&-onion-95g-2034397",
    "img": "https://productimages.coles.com.au/productimages/2/2034397.jpg",
    "price": 1.5,
    "quantity": 0.095,
    "unitPrice": 15.79
  },
  {
    "name": "Tuna Olive Oil",
    "url": "https://www.coles.com.au/product/wild-tides-tuna-olive-oil-95g-3294780",
    "img": "https://productimages.coles.com.au/productimages/3/3294780.jpg",
    "price": 1.5,
    "quantity": 0.095,
    "unitPrice": 15.79
  },
  {
    "name": "Tuna Springwater",
    "url": "https://www.coles.com.au/product/wild-tides-tuna-springwater-95g-3294815",
    "img": "https://productimages.coles.com.au/productimages/3/3294815.jpg",
    "price": 1.5,
    "quantity": 0.095,
    "unitPrice": 15.79
  },
  {
    "name": "Tuna Lemon And Pepper",
    "url": "https://www.coles.com.au/product/wild-tides-tuna-lemon-and-pepper-95g-3294859",
    "img": "https://productimages.coles.com.au/productimages/3/3294859.jpg",
    "price": 1.5,
    "quantity": 0.095,
    "unitPrice": 15.79
  },
  {
    "name": "Tuna Onion Sav Sauce",
    "url": "https://www.coles.com.au/product/wild-tides-tuna-onion-sav-sauce-95g-3294906",
    "img": "https://productimages.coles.com.au/productimages/3/3294906.jpg",
    "price": 1.5,
    "quantity": 0.095,
    "unitPrice": 15.79
  },
  {
    "name": "Tuna Spicy Chilli",
    "url": "https://www.coles.com.au/product/wild-tides-tuna-spicy-chilli-95g-3294972",
    "img": "https://productimages.coles.com.au/productimages/3/3294972.jpg",
    "price": 1.5,
    "quantity": 0.095,
    "unitPrice": 15.79
  },
  {
    "name": "Tuna Sweet Chilli",
    "url": "https://www.coles.com.au/product/wild-tides-tuna-sweet-chilli-95g-3295024",
    "img": "https://productimages.coles.com.au/productimages/3/3295024.jpg",
    "price": 1.5,
    "quantity": 0.095,
    "unitPrice": 15.79
  },
  {
    "name": "Tuna Tomato & Basil",
    "url": "https://www.coles.com.au/product/wild-tides-tuna-tomato-&-basil-95g-3295080",
    "img": "https://productimages.coles.com.au/productimages/3/3295080.jpg",
    "price": 1.5,
    "quantity": 0.095,
    "unitPrice": 15.79
  },
  {
    "name": "Tuna Smokey",
    "url": "https://www.coles.com.au/product/wild-tides-tuna-smokey-95g-3295090",
    "img": "https://productimages.coles.com.au/productimages/3/3295090.jpg",
    "price": 1.5,
    "quantity": 0.095,
    "unitPrice": 15.79
  },
  {
    "name": "Tuna Teriyaki",
    "url": "https://www.coles.com.au/product/wild-tides-tuna-teriyaki-95g-3608913",
    "img": "https://productimages.coles.com.au/productimages/3/3608913.jpg",
    "price": 1.5,
    "quantity": 0.095,
    "unitPrice": 15.79
  },
  {
    "name": "Responsibly Fished Tuna Thai Green Curry Mild",
    "url": "https://www.coles.com.au/product/wild-tides-responsibly-fished-tuna-thai-green-curry-mild-95g-3608924",
    "img": "https://productimages.coles.com.au/productimages/3/3608924.jpg",
    "price": 1.5,
    "quantity": 0.095,
    "unitPrice": 15.79
  },
  {
    "name": "Tuna Triple Chilli",
    "url": "https://www.coles.com.au/product/wild-tides-tuna-triple-chilli-95g-3608946",
    "img": "https://productimages.coles.com.au/productimages/3/3608946.jpg",
    "price": 1.5,
    "quantity": 0.095,
    "unitPrice": 15.79
  },
  {
    "name": "Fried Rice With Tuna",
    "url": "https://www.coles.com.au/product/wild-tides-fried-rice-with-tuna-190g-3745685",
    "img": "https://productimages.coles.com.au/productimages/3/3745685.jpg",
    "price": 3,
    "quantity": 0.19,
    "unitPrice": 15.79
  },
  {
    "name": "Woolworths Salmon In Springwater",
    "url": "https://www.woolworths.com.au/shop/productdetails/693763",
    "img": "https://cdn0.woolworths.media/content/wowproductimages/medium/693763.jpg",
    "price": 1.5,
    "quantity": 0.095,
    "unitPrice": 15.79
  },
  {
    "name": "Woolworths Salmon Naturally Smoked",
    "url": "https://www.woolworths.com.au/shop/productdetails/693762",
    "img": "https://cdn0.woolworths.media/content/wowproductimages/medium/693762.jpg",
    "price": 1.5,
    "quantity": 0.095,
    "unitPrice": 15.79
  },
  {
    "name": "Woolworths Almond Meal",
    "url": "https://www.woolworths.com.au/shop/productdetails/120690",
    "img": "https://cdn0.woolworths.media/content/wowproductimages/medium/120690.jpg",
    "price": 10.5,
    "quantity": 0.665,
    "unitPrice": 15.79
  },
  {
    "name": "Tomatoes Kumato",
    "url": "https://www.coles.com.au/product/coles-tomatoes-kumato-500g-8933048",
    "img": "https://productimages.coles.com.au/productimages/8/8933048.jpg",
    "price": 7.9,
    "quantity": 0.5,
    "unitPrice": 15.8
  },
  {
    "name": "Tomatoes Kumato",
    "url": "https://www.coles.com.au/product/coles-tomatoes-kumato-500g-8933048",
    "img": "https://productimages.coles.com.au/productimages/8/8933048.jpg",
    "price": 7.9,
    "quantity": 0.5,
    "unitPrice": 15.8
  },
  {
    "name": "Chicken Loaf",
    "url": "https://www.coles.com.au/product/thomson's-deli-chicken-loaf-approx.-100g-3950913",
    "img": "https://productimages.coles.com.au/productimages/3/3950913.jpg",
    "price": 1.58,
    "quantity": 0.1,
    "unitPrice": 15.8
  },
  {
    "name": "Chicken Loaf",
    "url": "https://www.coles.com.au/product/thomson's-deli-chicken-loaf-approx.-100g-3950913",
    "img": "https://productimages.coles.com.au/productimages/3/3950913.jpg",
    "price": 1.58,
    "quantity": 0.1,
    "unitPrice": 15.8
  },
  {
    "name": "Peanut Butter Cookie",
    "url": "https://www.coles.com.au/product/betty-crocker-peanut-butter-cookie-310g-6782382",
    "img": "https://productimages.coles.com.au/productimages/6/6782382.jpg",
    "price": 4.9,
    "quantity": 0.31,
    "unitPrice": 15.8
  },
  {
    "name": "Caramel Spread",
    "url": "https://www.coles.com.au/product/bonne-maman-caramel-spread-380g-3213245",
    "img": "https://productimages.coles.com.au/productimages/3/3213245.jpg",
    "price": 6,
    "quantity": 0.38,
    "unitPrice": 15.8
  },
  {
    "name": "Dairylea Cheddar Cheese Block",
    "url": "https://www.coles.com.au/product/bega-dairylea-cheddar-cheese-block-500g-130775",
    "img": "https://productimages.coles.com.au/productimages/1/130775.jpg",
    "price": 7.9,
    "quantity": 0.5,
    "unitPrice": 15.8
  },
  {
    "name": "Caramel Spread",
    "url": "https://www.coles.com.au/product/bonne-maman-caramel-spread-380g-3213245",
    "img": "https://productimages.coles.com.au/productimages/3/3213245.jpg",
    "price": 6,
    "quantity": 0.38,
    "unitPrice": 15.8
  },
  {
    "name": "Dairylea Cheddar Cheese Block",
    "url": "https://www.coles.com.au/product/bega-dairylea-cheddar-cheese-block-500g-130775",
    "img": "https://productimages.coles.com.au/productimages/1/130775.jpg",
    "price": 7.9,
    "quantity": 0.5,
    "unitPrice": 15.8
  },
  {
    "name": "Gluten Free Tomato Chutney",
    "url": "https://www.coles.com.au/product/outback-spirit-gluten-free-tomato-chutney-285g-6619155",
    "img": "https://productimages.coles.com.au/productimages/6/6619155.jpg",
    "price": 4.5,
    "quantity": 0.285,
    "unitPrice": 15.8
  },
  {
    "name": "Frozen Dessert Mint Chocolate Chip",
    "url": "https://www.coles.com.au/product/pana-organic-frozen-dessert-mint-chocolate-chip-950ml-5494440",
    "img": "https://productimages.coles.com.au/productimages/5/5494440.jpg",
    "price": 15,
    "quantity": 0.95,
    "unitPrice": 15.8
  },
  {
    "name": "Frozen Dessert Salted Choc & Caramel",
    "url": "https://www.coles.com.au/product/pana-organic-frozen-dessert-salted-choc-&-caramel-950ml-5494451",
    "img": "https://productimages.coles.com.au/productimages/5/5494451.jpg",
    "price": 15,
    "quantity": 0.95,
    "unitPrice": 15.8
  },
  {
    "name": "Hart & Soul Laksa Noodle Soup Cooking Kit Serves 2",
    "url": "https://www.woolworths.com.au/shop/productdetails/199374",
    "img": "https://cdn0.woolworths.media/content/wowproductimages/medium/199374.jpg",
    "price": 5,
    "quantity": 0.316,
    "unitPrice": 15.8
  },
  {
    "name": "St Dalfour Strawberry 284g",
    "url": "https://www.woolworths.com.au/shop/productdetails/17340",
    "img": "https://cdn0.woolworths.media/content/wowproductimages/medium/017340.jpg",
    "price": 4.5,
    "quantity": 0.284,
    "unitPrice": 15.8
  },
  {
    "name": "St Dalfour Raspberry 284g",
    "url": "https://www.woolworths.com.au/shop/productdetails/59309",
    "img": "https://cdn0.woolworths.media/content/wowproductimages/medium/059309.jpg",
    "price": 4.5,
    "quantity": 0.284,
    "unitPrice": 15.8
  },
  {
    "name": "St Dalfour Orange Marmalade 284g",
    "url": "https://www.woolworths.com.au/shop/productdetails/17628",
    "img": "https://cdn0.woolworths.media/content/wowproductimages/medium/017628.jpg",
    "price": 4.5,
    "quantity": 0.284,
    "unitPrice": 15.8
  },
  {
    "name": "St Dalfour Wild Blueberry 284g",
    "url": "https://www.woolworths.com.au/shop/productdetails/26837",
    "img": "https://cdn0.woolworths.media/content/wowproductimages/medium/026837.jpg",
    "price": 4.5,
    "quantity": 0.284,
    "unitPrice": 15.8
  },
  {
    "name": "St Dalfour Apricot 284g",
    "url": "https://www.woolworths.com.au/shop/productdetails/17347",
    "img": "https://cdn0.woolworths.media/content/wowproductimages/medium/017347.jpg",
    "price": 4.5,
    "quantity": 0.284,
    "unitPrice": 15.8
  },
  {
    "name": "St Dalfour Black Cherry 284g",
    "url": "https://www.woolworths.com.au/shop/productdetails/26662",
    "img": "https://cdn0.woolworths.media/content/wowproductimages/medium/026662.jpg",
    "price": 4.5,
    "quantity": 0.284,
    "unitPrice": 15.8
  },
  {
    "name": "St Dalfour Four Fruits 284g",
    "url": "https://www.woolworths.com.au/shop/productdetails/59306",
    "img": "https://cdn0.woolworths.media/content/wowproductimages/medium/059306.jpg",
    "price": 4.5,
    "quantity": 0.284,
    "unitPrice": 15.8
  },
  {
    "name": "St Dalfour Royal Fig 284g",
    "url": "https://www.woolworths.com.au/shop/productdetails/112406",
    "img": "https://cdn0.woolworths.media/content/wowproductimages/medium/112406.jpg",
    "price": 4.5,
    "quantity": 0.284,
    "unitPrice": 15.8
  },
  {
    "name": "St Dalfour Strawberry & Rhubarb 284g",
    "url": "https://www.woolworths.com.au/shop/productdetails/97724",
    "img": "https://cdn0.woolworths.media/content/wowproductimages/medium/097724.jpg",
    "price": 4.5,
    "quantity": 0.284,
    "unitPrice": 15.8
  },
  {
    "name": "St Dalfour Fruit Spread Plum Royale",
    "url": "https://www.woolworths.com.au/shop/productdetails/26745",
    "img": "https://cdn0.woolworths.media/content/wowproductimages/medium/026745.jpg",
    "price": 4.5,
    "quantity": 0.284,
    "unitPrice": 15.8
  },
  {
    "name": "Barker’s Lemon Curd",
    "url": "https://www.woolworths.com.au/shop/productdetails/161106",
    "img": "https://cdn0.woolworths.media/content/wowproductimages/medium/161106.jpg",
    "price": 6.3,
    "quantity": 0.4,
    "unitPrice": 15.8
  },
  {
    "name": "Bonne Maman Caramel Spread",
    "url": "https://www.woolworths.com.au/shop/productdetails/769172",
    "img": "https://cdn0.woolworths.media/content/wowproductimages/medium/769172.jpg",
    "price": 6,
    "quantity": 0.38,
    "unitPrice": 15.8
  },
  {
    "name": "Barker’s Passionfruit Curd",
    "url": "https://www.woolworths.com.au/shop/productdetails/93090",
    "img": "https://cdn0.woolworths.media/content/wowproductimages/medium/093090.jpg",
    "price": 6.3,
    "quantity": 0.4,
    "unitPrice": 15.8
  },
  {
    "name": "Dairylea Cheddar Cheese",
    "url": "https://www.woolworths.com.au/shop/productdetails/33500",
    "img": "https://cdn0.woolworths.media/content/wowproductimages/medium/033500.jpg",
    "price": 7.9,
    "quantity": 0.5,
    "unitPrice": 15.8
  },
  {
    "name": "Nando's Medium Peri-peri Quick Marinade",
    "url": "https://www.woolworths.com.au/shop/productdetails/720003",
    "img": "https://cdn0.woolworths.media/content/wowproductimages/medium/720003.jpg",
    "price": 4.15,
    "quantity": 0.262,
    "unitPrice": 15.8
  },
  {
    "name": "Buttermilk Pancake Mix",
    "url": "https://www.coles.com.au/product/the-pancake-parlour-buttermilk-pancake-mix-500g-7571270",
    "img": "https://productimages.coles.com.au/productimages/7/7571270.jpg",
    "price": 7.95,
    "quantity": 0.5,
    "unitPrice": 15.9
  },
  {
    "name": "Plus Iron Cereal",
    "url": "https://www.coles.com.au/product/uncle-tobys-plus-iron-cereal-410g-2353067",
    "img": "https://productimages.coles.com.au/productimages/2/2353067.jpg",
    "price": 6.5,
    "quantity": 0.41,
    "unitPrice": 15.9
  },
  {
    "name": "Rice Bubbles Puffed Rice Breakfast Cereal",
    "url": "https://www.coles.com.au/product/kellogg's-rice-bubbles-puffed-rice-breakfast-cereal-410g-8495803",
    "img": "https://productimages.coles.com.au/productimages/8/8495803.jpg",
    "price": 6.5,
    "quantity": 0.41,
    "unitPrice": 15.9
  },
  {
    "name": "Weet-Bix Cholesterol Lowering Cereal",
    "url": "https://www.coles.com.au/product/sanitarium-weet-bix-cholesterol-lowering-cereal-440g-3049630",
    "img": "https://productimages.coles.com.au/productimages/3/3049630.jpg",
    "price": 7,
    "quantity": 0.44,
    "unitPrice": 15.9
  },
  {
    "name": "Squeeze Aioli Mayo",
    "url": "https://www.coles.com.au/product/hellmann's-squeeze-aioli-mayo-252g-5493539",
    "img": "https://productimages.coles.com.au/productimages/5/5493539.jpg",
    "price": 4,
    "quantity": 0.252,
    "unitPrice": 15.9
  },
  {
    "name": "Traditional Tartare Sauce",
    "url": "https://www.coles.com.au/product/masterfoods-traditional-tartare-sauce-220g-190915",
    "img": "https://productimages.coles.com.au/productimages/1/190915.jpg",
    "price": 3.5,
    "quantity": 0.22,
    "unitPrice": 15.9
  },
  {
    "name": "Real Whole Egg Mayonnaise",
    "url": "https://www.coles.com.au/product/s&w-real-whole-egg-mayonnaise-440g-6144750",
    "img": "https://productimages.coles.com.au/productimages/6/6144750.jpg",
    "price": 7,
    "quantity": 0.44,
    "unitPrice": 15.9
  },
  {
    "name": "Sanitarium Weet-bix Cholesterol Lowering Breakfast Cereal",
    "url": "https://www.woolworths.com.au/shop/productdetails/658537",
    "img": "https://cdn0.woolworths.media/content/wowproductimages/medium/658537.jpg",
    "price": 7,
    "quantity": 0.44,
    "unitPrice": 15.9
  },
  {
    "name": "The Pancake Parlour Pancake Mix",
    "url": "https://www.woolworths.com.au/shop/productdetails/495007",
    "img": "https://cdn0.woolworths.media/content/wowproductimages/medium/495007.jpg",
    "price": 7.95,
    "quantity": 0.5,
    "unitPrice": 15.9
  },
  {
    "name": "Masterfoods Traditional Tartare Sauce",
    "url": "https://www.woolworths.com.au/shop/productdetails/32766",
    "img": "https://cdn0.woolworths.media/content/wowproductimages/medium/032766.jpg",
    "price": 3.5,
    "quantity": 0.22,
    "unitPrice": 15.9
  },
  {
    "name": "Aeroplane Original Raspberry Flavoured Jelly",
    "url": "https://www.woolworths.com.au/shop/productdetails/6094",
    "img": "https://cdn0.woolworths.media/content/wowproductimages/medium/006094.jpg",
    "price": 1.35,
    "quantity": 0.085,
    "unitPrice": 15.9
  },
  {
    "name": "Aeroplane Original Strawberry Flavoured Jelly",
    "url": "https://www.woolworths.com.au/shop/productdetails/6089",
    "img": "https://cdn0.woolworths.media/content/wowproductimages/medium/006089.jpg",
    "price": 1.35,
    "quantity": 0.085,
    "unitPrice": 15.9
  },
  {
    "name": "Aeroplane Original Lime Flavoured Jelly",
    "url": "https://www.woolworths.com.au/shop/productdetails/6092",
    "img": "https://cdn0.woolworths.media/content/wowproductimages/medium/006092.jpg",
    "price": 1.35,
    "quantity": 0.085,
    "unitPrice": 15.9
  },
  {
    "name": "Aeroplane Original Berry Blue Flavoured Jelly",
    "url": "https://www.woolworths.com.au/shop/productdetails/6086",
    "img": "https://cdn0.woolworths.media/content/wowproductimages/medium/006086.jpg",
    "price": 1.35,
    "quantity": 0.085,
    "unitPrice": 15.9
  },
  {
    "name": "Aeroplane Original Orange Flavoured Jelly",
    "url": "https://www.woolworths.com.au/shop/productdetails/6081",
    "img": "https://cdn0.woolworths.media/content/wowproductimages/medium/006081.jpg",
    "price": 1.35,
    "quantity": 0.085,
    "unitPrice": 15.9
  },
  {
    "name": "Aeroplane Original Purple Grape Flavoured Jelly",
    "url": "https://www.woolworths.com.au/shop/productdetails/327942",
    "img": "https://cdn0.woolworths.media/content/wowproductimages/medium/327942.jpg",
    "price": 1.35,
    "quantity": 0.085,
    "unitPrice": 15.9
  },
  {
    "name": "Aeroplane Original Mango Flavoured Jelly",
    "url": "https://www.woolworths.com.au/shop/productdetails/59407",
    "img": "https://cdn0.woolworths.media/content/wowproductimages/medium/059407.jpg",
    "price": 1.35,
    "quantity": 0.085,
    "unitPrice": 15.9
  },
  {
    "name": "Aeroplane Original Port Wine Flavoured Jelly",
    "url": "https://www.woolworths.com.au/shop/productdetails/6082",
    "img": "https://cdn0.woolworths.media/content/wowproductimages/medium/006082.jpg",
    "price": 1.35,
    "quantity": 0.085,
    "unitPrice": 15.9
  },
  {
    "name": "Aeroplane Original Watermelon Flavoured Jelly",
    "url": "https://www.woolworths.com.au/shop/productdetails/178328",
    "img": "https://cdn0.woolworths.media/content/wowproductimages/medium/178328.jpg",
    "price": 1.35,
    "quantity": 0.085,
    "unitPrice": 15.9
  },
  {
    "name": "Aeroplane Original Lemon Flavoured Jelly",
    "url": "https://www.woolworths.com.au/shop/productdetails/310378",
    "img": "https://cdn0.woolworths.media/content/wowproductimages/medium/310378.jpg",
    "price": 1.35,
    "quantity": 0.085,
    "unitPrice": 15.9
  },
  {
    "name": "Aeroplane Original Green Apple Flavoured Jelly",
    "url": "https://www.woolworths.com.au/shop/productdetails/178200",
    "img": "https://cdn0.woolworths.media/content/wowproductimages/medium/178200.jpg",
    "price": 1.35,
    "quantity": 0.085,
    "unitPrice": 15.9
  },
  {
    "name": "The Pancake Parlour Pancake Mix",
    "url": "https://www.woolworths.com.au/shop/productdetails/495007",
    "img": "https://cdn0.woolworths.media/content/wowproductimages/medium/495007.jpg",
    "price": 7.95,
    "quantity": 0.5,
    "unitPrice": 15.9
  },
  {
    "name": "Woolworths Mexican Style Tuna Salad",
    "url": "https://www.woolworths.com.au/shop/productdetails/820407",
    "img": "https://cdn0.woolworths.media/content/wowproductimages/medium/820407.jpg",
    "price": 2.95,
    "quantity": 0.185,
    "unitPrice": 15.95
  },
  {
    "name": "Woolworths Asian Style Tuna Quinoa Salad",
    "url": "https://www.woolworths.com.au/shop/productdetails/820408",
    "img": "https://cdn0.woolworths.media/content/wowproductimages/medium/820408.jpg",
    "price": 2.95,
    "quantity": 0.185,
    "unitPrice": 15.95
  },
  {
    "name": "Soupcon De Fruit Rosé",
    "url": "https://www.aldi.com.au/en/groceries/limited-time-only/limited-time-only-detail/ps/p/soupcon-de-fruit-ros-750ml/",
    "img": "https://www.aldi.com.au/fileadmin/_processed_/c/6/csm_712934_DE_Q_01_1x1_e8e446f798.png",
    "price": 11.99,
    "quantity": 0.75,
    "unitPrice": 15.99
  },
  {
    "name": "L'Expression Pinot Gris",
    "url": "https://www.aldi.com.au/en/groceries/limited-time-only/limited-time-only-detail/ps/p/lexpression-pinot-gris-750ml/",
    "img": "https://www.aldi.com.au/fileadmin/_processed_/0/e/csm_702857_DE_Q_01_1x1_58a9f37f7c.png",
    "price": 11.99,
    "quantity": 0.75,
    "unitPrice": 15.99
  },
  {
    "name": "Soupcon De Fruit Rosé",
    "url": "https://www.aldi.com.au/en/groceries/limited-time-only/limited-time-only-detail/ps/p/soupcon-de-fruit-ros-750ml/",
    "img": "https://www.aldi.com.au/fileadmin/_processed_/c/6/csm_712934_DE_Q_01_1x1_e8e446f798.png",
    "price": 11.99,
    "quantity": 0.75,
    "unitPrice": 15.99
  },
  {
    "name": "L'Expression Pinot Gris",
    "url": "https://www.aldi.com.au/en/groceries/limited-time-only/limited-time-only-detail/ps/p/lexpression-pinot-gris-750ml/",
    "img": "https://www.aldi.com.au/fileadmin/_processed_/0/e/csm_702857_DE_Q_01_1x1_58a9f37f7c.png",
    "price": 11.99,
    "quantity": 0.75,
    "unitPrice": 15.99
  },
  {
    "name": "Food Envy Mini Dutch Pancakes",
    "url": "https://www.aldi.com.au/en/groceries/fresh-produce/dairy-eggs/dairy-eggs-detail/ps/p/food-envy-mini-dutch-pancakes-250g/",
    "img": "https://www.aldi.com.au/fileadmin/_processed_/3/7/csm_ALN3354_Q2-WEB-AUDIT_1x1_228x128_18_6fb664c9f3.jpg",
    "price": 3.99,
    "quantity": 0.25,
    "unitPrice": 16
  },
  {
    "name": "Kitchen Potato Salad",
    "url": "https://www.coles.com.au/product/coles-kitchen-potato-salad-250g-3016288",
    "img": "https://productimages.coles.com.au/productimages/3/3016288.jpg",
    "price": 4,
    "quantity": 0.25,
    "unitPrice": 16
  },
  {
    "name": "Kitchen Pasta Salad",
    "url": "https://www.coles.com.au/product/coles-kitchen-pasta-salad-250g-3016299",
    "img": "https://productimages.coles.com.au/productimages/3/3016299.jpg",
    "price": 4,
    "quantity": 0.25,
    "unitPrice": 16
  },
  {
    "name": "Kitchen Coleslaw Salad",
    "url": "https://www.coles.com.au/product/coles-kitchen-coleslaw-salad-250g-3016302",
    "img": "https://productimages.coles.com.au/productimages/3/3016302.jpg",
    "price": 4,
    "quantity": 0.25,
    "unitPrice": 16
  },
  {
    "name": "Organic Snacking Carrots",
    "url": "https://www.coles.com.au/product/organic-organic-snacking-carrots-250g-4491980",
    "img": "https://productimages.coles.com.au/productimages/4/4491980.jpg",
    "price": 4,
    "quantity": 0.25,
    "unitPrice": 16
  },
  {
    "name": "Smoked Almonds",
    "url": "https://www.coles.com.au/product/market-lane-smoked-almonds-500g-6054534",
    "img": "https://productimages.coles.com.au/productimages/6/6054534.jpg",
    "price": 8,
    "quantity": 0.5,
    "unitPrice": 16
  },
  {
    "name": "Club Mix",
    "url": "https://www.coles.com.au/product/market-lane-club-mix-750g-5615567",
    "img": "https://productimages.coles.com.au/productimages/5/5615567.jpg",
    "price": 12,
    "quantity": 0.75,
    "unitPrice": 16
  },
  {
    "name": "Kitchen Potato Salad",
    "url": "https://www.coles.com.au/product/coles-kitchen-potato-salad-250g-3016288",
    "img": "https://productimages.coles.com.au/productimages/3/3016288.jpg",
    "price": 4,
    "quantity": 0.25,
    "unitPrice": 16
  },
  {
    "name": "Kitchen Pasta Salad",
    "url": "https://www.coles.com.au/product/coles-kitchen-pasta-salad-250g-3016299",
    "img": "https://productimages.coles.com.au/productimages/3/3016299.jpg",
    "price": 4,
    "quantity": 0.25,
    "unitPrice": 16
  },
  {
    "name": "Kitchen Coleslaw Salad",
    "url": "https://www.coles.com.au/product/coles-kitchen-coleslaw-salad-250g-3016302",
    "img": "https://productimages.coles.com.au/productimages/3/3016302.jpg",
    "price": 4,
    "quantity": 0.25,
    "unitPrice": 16
  },
  {
    "name": "Organic Snacking Carrots",
    "url": "https://www.coles.com.au/product/organic-organic-snacking-carrots-250g-4491980",
    "img": "https://productimages.coles.com.au/productimages/4/4491980.jpg",
    "price": 4,
    "quantity": 0.25,
    "unitPrice": 16
  },
  {
    "name": "Smoked Almonds",
    "url": "https://www.coles.com.au/product/market-lane-smoked-almonds-500g-6054534",
    "img": "https://productimages.coles.com.au/productimages/6/6054534.jpg",
    "price": 8,
    "quantity": 0.5,
    "unitPrice": 16
  },
  {
    "name": "Club Mix",
    "url": "https://www.coles.com.au/product/market-lane-club-mix-750g-5615567",
    "img": "https://productimages.coles.com.au/productimages/5/5615567.jpg",
    "price": 12,
    "quantity": 0.75,
    "unitPrice": 16
  },
  {
    "name": "Yoghurt Mixed Berry",
    "url": "https://www.coles.com.au/product/siggi's-yoghurt-mixed-berry-125g-6625555",
    "img": "https://productimages.coles.com.au/productimages/6/6625555.jpg",
    "price": 2,
    "quantity": 0.125,
    "unitPrice": 16
  },
  {
    "name": "Yoghurt Raspberry",
    "url": "https://www.coles.com.au/product/siggi's-yoghurt-raspberry-125g-6625566",
    "img": "https://productimages.coles.com.au/productimages/6/6625566.jpg",
    "price": 2,
    "quantity": 0.125,
    "unitPrice": 16
  },
  {
    "name": "Yoghurt Vanilla",
    "url": "https://www.coles.com.au/product/siggi's-yoghurt-vanilla-125g-6625577",
    "img": "https://productimages.coles.com.au/productimages/6/6625577.jpg",
    "price": 2,
    "quantity": 0.125,
    "unitPrice": 16
  },
  {
    "name": "Original Salted Butter Pat",
    "url": "https://www.coles.com.au/product/western-star-original-salted-butter-pat-500g-210604",
    "img": "https://productimages.coles.com.au/productimages/2/210604.jpg",
    "price": 8,
    "quantity": 0.5,
    "unitPrice": 16
  },
  {
    "name": "Cold Drip 10 Shot Coffee",
    "url": "https://www.coles.com.au/product/first-press-cold-drip-10-shot-coffee-500ml-3506265",
    "img": "https://productimages.coles.com.au/productimages/3/3506265.jpg",
    "price": 8,
    "quantity": 0.5,
    "unitPrice": 16
  },
  {
    "name": "Chef's Choice Unsalted Cultured Butter",
    "url": "https://www.coles.com.au/product/western-star-chef's-choice-unsalted-cultured-butter-500g-93760",
    "img": "https://productimages.coles.com.au/productimages/9/93760.jpg",
    "price": 8,
    "quantity": 0.5,
    "unitPrice": 16
  },
  {
    "name": "ProActiv Margarine Spread Original",
    "url": "https://www.coles.com.au/product/flora-proactiv-margarine-spread-original-750g-1991953",
    "img": "https://productimages.coles.com.au/productimages/1/1991953.jpg",
    "price": 12,
    "quantity": 0.75,
    "unitPrice": 16
  },
  {
    "name": "Double Cream",
    "url": "https://www.coles.com.au/product/coles-double-cream-300ml-4475440",
    "img": "https://productimages.coles.com.au/productimages/4/4475440.jpg",
    "price": 4.8,
    "quantity": 0.3,
    "unitPrice": 16
  },
  {
    "name": "Gluten Free White Bread Slices",
    "url": "https://www.coles.com.au/product/helga's-gluten-free-white-bread-slices-470g-3237913",
    "img": "https://productimages.coles.com.au/productimages/3/3237913.jpg",
    "price": 7.5,
    "quantity": 0.47,
    "unitPrice": 16
  },
  {
    "name": "Cherry & Almond Bakewells Tarts 6 pack",
    "url": "https://www.coles.com.au/product/mr-kipling-cherry-&-almond-bakewells-tarts-6-pack-250g-1777410",
    "img": "https://productimages.coles.com.au/productimages/1/1777410.jpg",
    "price": 4,
    "quantity": 0.25,
    "unitPrice": 16
  },
  {
    "name": "Garlic Naan Bread",
    "url": "https://www.coles.com.au/product/simson's-pantry-garlic-naan-bread-250g-2361189",
    "img": "https://productimages.coles.com.au/productimages/2/2361189.jpg",
    "price": 4,
    "quantity": 0.25,
    "unitPrice": 16
  },
  {
    "name": "Traditional Naan Bread",
    "url": "https://www.coles.com.au/product/simson's-pantry-traditional-naan-bread-250g-6295814",
    "img": "https://productimages.coles.com.au/productimages/6/6295814.jpg",
    "price": 4,
    "quantity": 0.25,
    "unitPrice": 16
  },
  {
    "name": "Festive Assorted Gingerbread",
    "url": "https://www.coles.com.au/product/coles-festive-assorted-gingerbread-500g-4328901",
    "img": "https://productimages.coles.com.au/productimages/4/4328901.jpg",
    "price": 8,
    "quantity": 0.5,
    "unitPrice": 16
  },
  {
    "name": "Moist Coconut Flakes ",
    "url": "https://www.coles.com.au/product/mckenzie's-moist-coconut-flakes--225g-5228822",
    "img": "https://productimages.coles.com.au/productimages/5/5228822.jpg",
    "price": 3.6,
    "quantity": 0.225,
    "unitPrice": 16
  },
  {
    "name": "Bakers' Choice Baking Milk Chocolate Bits Value Pack",
    "url": "https://www.coles.com.au/product/nestle-bakers'-choice-baking-milk-chocolate-bits-value-pack-375g-3834050",
    "img": "https://productimages.coles.com.au/productimages/3/3834050.jpg",
    "price": 6,
    "quantity": 0.375,
    "unitPrice": 16
  },
  {
    "name": "Marzipan",
    "url": "https://www.coles.com.au/product/coles-marzipan-500g-3024195",
    "img": "https://productimages.coles.com.au/productimages/3/3024195.jpg",
    "price": 8,
    "quantity": 0.5,
    "unitPrice": 16
  },
  {
    "name": "Classic Rice Puffs Cereal",
    "url": "https://www.coles.com.au/product/freedom-classic-rice-puffs-cereal-250g-5235431",
    "img": "https://productimages.coles.com.au/productimages/5/5235431.jpg",
    "price": 4,
    "quantity": 0.25,
    "unitPrice": 16
  },
  {
    "name": "Brown Red And Wild Medley Rice Pouch",
    "url": "https://www.coles.com.au/product/ben's-original-brown-red-and-wild-medley-rice-pouch-250g-2236303",
    "img": "https://productimages.coles.com.au/productimages/2/2236303.jpg",
    "price": 4,
    "quantity": 0.25,
    "unitPrice": 16
  },
  {
    "name": "Coconut Chilli & Lemongrass Rice Pouch",
    "url": "https://www.coles.com.au/product/ben's-original-coconut-chilli-&-lemongrass-rice-pouch-250g-3230947",
    "img": "https://productimages.coles.com.au/productimages/3/3230947.jpg",
    "price": 4,
    "quantity": 0.25,
    "unitPrice": 16
  },
  {
    "name": "Light Flavour Coconut Basmati Rice Pouch",
    "url": "https://www.coles.com.au/product/ben's-original-light-flavour-coconut-basmati-rice-pouch-250g-3230958",
    "img": "https://productimages.coles.com.au/productimages/3/3230958.jpg",
    "price": 4,
    "quantity": 0.25,
    "unitPrice": 16
  },
  {
    "name": "Light Flavour Garlic Rice Pouch",
    "url": "https://www.coles.com.au/product/ben's-original-light-flavour-garlic-rice-pouch-250g-3925654",
    "img": "https://productimages.coles.com.au/productimages/3/3925654.jpg",
    "price": 4,
    "quantity": 0.25,
    "unitPrice": 16
  },
  {
    "name": "Savoury Chicken Flavour Rice Pouch",
    "url": "https://www.coles.com.au/product/ben's-original-savoury-chicken-flavour-rice-pouch-250g-5860185",
    "img": "https://productimages.coles.com.au/productimages/5/5860185.jpg",
    "price": 4,
    "quantity": 0.25,
    "unitPrice": 16
  },
  {
    "name": "Tomato & Basil Rice Pouch",
    "url": "https://www.coles.com.au/product/ben's-original-tomato-&-basil-rice-pouch-250g-5860221",
    "img": "https://productimages.coles.com.au/productimages/5/5860221.jpg",
    "price": 4,
    "quantity": 0.25,
    "unitPrice": 16
  },
  {
    "name": "Rice Pouch Lightly Flavoured Chilli",
    "url": "https://www.coles.com.au/product/ben's-original-rice-pouch-lightly-flavoured-chilli-250g-6276660",
    "img": "https://productimages.coles.com.au/productimages/6/6276660.jpg",
    "price": 4,
    "quantity": 0.25,
    "unitPrice": 16
  },
  {
    "name": "Special Fried Rice Pouch",
    "url": "https://www.coles.com.au/product/ben's-original-special-fried-rice-pouch-250g-6545966",
    "img": "https://productimages.coles.com.au/productimages/6/6545966.jpg",
    "price": 4,
    "quantity": 0.25,
    "unitPrice": 16
  },
  {
    "name": "Golden Vegetable Rice Pouch",
    "url": "https://www.coles.com.au/product/ben's-original-golden-vegetable-rice-pouch-250g-6545977",
    "img": "https://productimages.coles.com.au/productimages/6/6545977.jpg",
    "price": 4,
    "quantity": 0.25,
    "unitPrice": 16
  },
  {
    "name": "Mexican Style Rice Pouch",
    "url": "https://www.coles.com.au/product/ben's-original-mexican-style-rice-pouch-250g-7132928",
    "img": "https://productimages.coles.com.au/productimages/7/7132928.jpg",
    "price": 4,
    "quantity": 0.25,
    "unitPrice": 16
  },
  {
    "name": "Brown Rice Pouch Microwave",
    "url": "https://www.coles.com.au/product/ben's-original-brown-rice-pouch-microwave-250g-8150787",
    "img": "https://productimages.coles.com.au/productimages/8/8150787.jpg",
    "price": 4,
    "quantity": 0.25,
    "unitPrice": 16
  },
  {
    "name": "Mexican Style Brown Rice Pouch",
    "url": "https://www.coles.com.au/product/ben's-original-mexican-style-brown-rice-pouch-250g-9946293",
    "img": "https://productimages.coles.com.au/productimages/9/9946293.jpg",
    "price": 4,
    "quantity": 0.25,
    "unitPrice": 16
  },
  {
    "name": "Coffee Machine Descaler",
    "url": "https://www.coles.com.au/product/coles-coffee-machine-descaler-250ml-3209077",
    "img": "https://productimages.coles.com.au/productimages/3/3209077.jpg",
    "price": 4,
    "quantity": 0.25,
    "unitPrice": 16
  },
  {
    "name": "Coffee Machine Descaler",
    "url": "https://www.coles.com.au/product/coles-coffee-machine-descaler-250ml-3209077",
    "img": "https://productimages.coles.com.au/productimages/3/3209077.jpg",
    "price": 4,
    "quantity": 0.25,
    "unitPrice": 16
  },
  {
    "name": "Organic Crunchy Peanut Butter",
    "url": "https://www.coles.com.au/product/coles-organic-crunchy-peanut-butter-375g-2080135",
    "img": "https://productimages.coles.com.au/productimages/2/2080135.jpg",
    "price": 6,
    "quantity": 0.375,
    "unitPrice": 16
  },
  {
    "name": "Organic Crunchy Peanut Butter",
    "url": "https://www.coles.com.au/product/coles-organic-crunchy-peanut-butter-375g-2080135",
    "img": "https://productimages.coles.com.au/productimages/2/2080135.jpg",
    "price": 6,
    "quantity": 0.375,
    "unitPrice": 16
  },
  {
    "name": "Organic Extra Virgin Olive Oil",
    "url": "https://www.coles.com.au/product/coles-organic-extra-virgin-olive-oil-500ml-6108531",
    "img": "https://productimages.coles.com.au/productimages/6/6108531.jpg",
    "price": 8,
    "quantity": 0.5,
    "unitPrice": 16
  },
  {
    "name": "All Rounder Australian Extra Virgin Olive Oil",
    "url": "https://www.coles.com.au/product/squeaky-gate-all-rounder-australian-extra-virgin-olive-oil-750ml-2107479",
    "img": "https://productimages.coles.com.au/productimages/2/2107479.jpg",
    "price": 12,
    "quantity": 0.75,
    "unitPrice": 16
  },
  {
    "name": "Grape Seed Oil",
    "url": "https://www.coles.com.au/product/la-espanola-grape-seed-oil-1l-6648335",
    "img": "https://productimages.coles.com.au/productimages/6/6648335.jpg",
    "price": 16,
    "quantity": 1,
    "unitPrice": 16
  },
  {
    "name": "Delikatess Mayonnaise",
    "url": "https://www.coles.com.au/product/thomy-delikatess-mayonnaise-470g-5032117",
    "img": "https://productimages.coles.com.au/productimages/5/5032117.jpg",
    "price": 7.5,
    "quantity": 0.47,
    "unitPrice": 16
  },
  {
    "name": "Classic Vinaigrette Salad Dressing",
    "url": "https://www.coles.com.au/product/paul-newman's-own-classic-vinaigrette-salad-dressing-250ml-104323",
    "img": "https://productimages.coles.com.au/productimages/1/104323.jpg",
    "price": 4,
    "quantity": 0.25,
    "unitPrice": 16
  },
  {
    "name": "Corn Relish",
    "url": "https://www.coles.com.au/product/masterfoods-corn-relish-250g-127249",
    "img": "https://productimages.coles.com.au/productimages/1/127249.jpg",
    "price": 4,
    "quantity": 0.25,
    "unitPrice": 16
  },
  {
    "name": "Salad Cream Salad Dressing Mayo",
    "url": "https://www.coles.com.au/product/heinz-salad-cream-salad-dressing-mayo-250g-208646",
    "img": "https://productimages.coles.com.au/productimages/2/208646.jpg",
    "price": 4,
    "quantity": 0.25,
    "unitPrice": 16
  },
  {
    "name": "Ranch Salad Dressing",
    "url": "https://www.coles.com.au/product/paul-newman's-own-ranch-salad-dressing-250ml-5267766",
    "img": "https://productimages.coles.com.au/productimages/5/5267766.jpg",
    "price": 4,
    "quantity": 0.25,
    "unitPrice": 16
  },
  {
    "name": "Smokey Chipotle Sauce",
    "url": "https://www.coles.com.au/product/masterfoods-smokey-chipotle-sauce-250ml-5640881",
    "img": "https://productimages.coles.com.au/productimages/5/5640881.jpg",
    "price": 4,
    "quantity": 0.25,
    "unitPrice": 16
  },
  {
    "name": "Garlic & Truffle Flavour Sauce",
    "url": "https://www.coles.com.au/product/masterfoods-garlic-&-truffle-flavour-sauce-250ml-5640892",
    "img": "https://productimages.coles.com.au/productimages/5/5640892.jpg",
    "price": 4,
    "quantity": 0.25,
    "unitPrice": 16
  },
  {
    "name": "Creamy Buffalo Sauce",
    "url": "https://www.coles.com.au/product/masterfoods-creamy-buffalo-sauce-250ml-5640906",
    "img": "https://productimages.coles.com.au/productimages/5/5640906.jpg",
    "price": 4,
    "quantity": 0.25,
    "unitPrice": 16
  },
  {
    "name": "Tomato Relish",
    "url": "https://www.coles.com.au/product/masterfoods-tomato-relish-250g-6420927",
    "img": "https://productimages.coles.com.au/productimages/6/6420927.jpg",
    "price": 4,
    "quantity": 0.25,
    "unitPrice": 16
  },
  {
    "name": "Mango Chutney Relish",
    "url": "https://www.coles.com.au/product/masterfoods-mango-chutney-relish-250g-9141282",
    "img": "https://productimages.coles.com.au/productimages/9/9141282.jpg",
    "price": 4,
    "quantity": 0.25,
    "unitPrice": 16
  },
  {
    "name": "Creamy Caesar Dressing",
    "url": "https://www.coles.com.au/product/paul-newman's-own-creamy-caesar-dressing-250ml-9821298",
    "img": "https://productimages.coles.com.au/productimages/9/9821298.jpg",
    "price": 4,
    "quantity": 0.25,
    "unitPrice": 16
  },
  {
    "name": "Real Mayonnaise",
    "url": "https://www.coles.com.au/product/best-foods-real-mayonnaise-405g-6499745",
    "img": "https://productimages.coles.com.au/productimages/6/6499745.jpg",
    "price": 6.5,
    "quantity": 0.405,
    "unitPrice": 16
  },
  {
    "name": "Lemon & Herb Quick Marinade",
    "url": "https://www.coles.com.au/product/nando's-lemon-&-herb-quick-marinade-260g-8451240",
    "img": "https://productimages.coles.com.au/productimages/8/8451240.jpg",
    "price": 4.15,
    "quantity": 0.26,
    "unitPrice": 16
  },
  {
    "name": "One Pan Rice Chicken And Mushroom Risotto",
    "url": "https://www.coles.com.au/product/masterfoods-one-pan-rice-chicken-and-mushroom-risotto-250g-5225198",
    "img": "https://productimages.coles.com.au/productimages/5/5225198.jpg",
    "price": 4,
    "quantity": 0.25,
    "unitPrice": 16
  },
  {
    "name": "One Pan Rice Spanish Style Paella",
    "url": "https://www.coles.com.au/product/masterfoods-one-pan-rice-spanish-style-paella-250g-5225201",
    "img": "https://productimages.coles.com.au/productimages/5/5225201.jpg",
    "price": 4,
    "quantity": 0.25,
    "unitPrice": 16
  },
  {
    "name": "Tomato Paste Infused With Caramelised Onion",
    "url": "https://www.coles.com.au/product/leggos-tomato-paste-infused-with-caramelised-onion-250g-6365590",
    "img": "https://productimages.coles.com.au/productimages/6/6365590.jpg",
    "price": 4,
    "quantity": 0.25,
    "unitPrice": 16
  },
  {
    "name": "Tomato Paste Infused With Roasted Garlic",
    "url": "https://www.coles.com.au/product/leggos-tomato-paste-infused-with-roasted-garlic-250g-6365793",
    "img": "https://productimages.coles.com.au/productimages/6/6365793.jpg",
    "price": 4,
    "quantity": 0.25,
    "unitPrice": 16
  },
  {
    "name": "Pepper Steak Sauce Family Pack Liquid Pouch",
    "url": "https://www.coles.com.au/product/gravox-pepper-steak-sauce-family-pack-liquid-pouch-250g-3433570",
    "img": "https://productimages.coles.com.au/productimages/3/3433570.jpg",
    "price": 4,
    "quantity": 0.25,
    "unitPrice": 16
  },
  {
    "name": "Traditional Family Pack Gravy Pouch",
    "url": "https://www.coles.com.au/product/gravox-traditional-family-pack-gravy-pouch-250g-6842837",
    "img": "https://productimages.coles.com.au/productimages/6/6842837.jpg",
    "price": 4,
    "quantity": 0.25,
    "unitPrice": 16
  },
  {
    "name": "Lamb & Rosemary Family Pack Liquid Gravy Pouch",
    "url": "https://www.coles.com.au/product/gravox-lamb-&-rosemary-family-pack-liquid-gravy-pouch-250g-6842859",
    "img": "https://productimages.coles.com.au/productimages/6/6842859.jpg",
    "price": 4,
    "quantity": 0.25,
    "unitPrice": 16
  },
  {
    "name": "Roast Chicken With Herbs Family Pack Liquid Gravy Pouch",
    "url": "https://www.coles.com.au/product/gravox-roast-chicken-with-herbs-family-pack-liquid-gravy-pouch-250g-6842860",
    "img": "https://productimages.coles.com.au/productimages/6/6842860.jpg",
    "price": 4,
    "quantity": 0.25,
    "unitPrice": 16
  },
  {
    "name": "Frozen Bake At Home Pain Au Chocolat 6Pack",
    "url": "https://www.coles.com.au/product/coles-frozen-bake-at-home-pain-au-chocolat-6pack-420g-3919039",
    "img": "https://productimages.coles.com.au/productimages/3/3919039.jpg",
    "price": 6.7,
    "quantity": 0.42,
    "unitPrice": 16
  },
  {
    "name": "Creamy Classic Ice Cream Sticks Vanilla 4 Pack",
    "url": "https://www.coles.com.au/product/bulla-creamy-classic-ice-cream-sticks-vanilla-4-pack-360ml-4483562",
    "img": "https://productimages.coles.com.au/productimages/4/4483562.jpg",
    "price": 5.75,
    "quantity": 0.36,
    "unitPrice": 16
  },
  {
    "name": "Creamy Classics Ice Cream Neapolitan Stick 4 pack",
    "url": "https://www.coles.com.au/product/bulla-creamy-classics-ice-cream-neapolitan-stick-4-pack-360ml-4845380",
    "img": "https://productimages.coles.com.au/productimages/4/4845380.jpg",
    "price": 5.75,
    "quantity": 0.36,
    "unitPrice": 16
  },
  {
    "name": "Creamy Classics Ice Cream Honeycomb Sticks 4 Pack",
    "url": "https://www.coles.com.au/product/bulla-creamy-classics-ice-cream-honeycomb-sticks-4-pack-360ml-4845415",
    "img": "https://productimages.coles.com.au/productimages/4/4845415.jpg",
    "price": 5.75,
    "quantity": 0.36,
    "unitPrice": 16
  },
  {
    "name": "Chicken Kiev Balls",
    "url": "https://www.coles.com.au/product/coles-chicken-kiev-balls-720g-4322756",
    "img": "https://productimages.coles.com.au/productimages/4/4322756.jpg",
    "price": 11.5,
    "quantity": 0.72,
    "unitPrice": 16
  },
  {
    "name": "Frozen Pomegranate Arils",
    "url": "https://www.coles.com.au/product/coles-frozen-pomegranate-arils-250g-3394682",
    "img": "https://productimages.coles.com.au/productimages/3/3394682.jpg",
    "price": 4,
    "quantity": 0.25,
    "unitPrice": 16
  },
  {
    "name": "Frozen Tasty Lightly Crumbed Calamari Rings",
    "url": "https://www.coles.com.au/product/i&j-frozen-tasty-lightly-crumbed-calamari-rings-400g-6248836",
    "img": "https://productimages.coles.com.au/productimages/6/6248836.jpg",
    "price": 6.4,
    "quantity": 0.4,
    "unitPrice": 16
  },
  {
    "name": "Smoke BBQ Meatballs With Spicy Rice",
    "url": "https://www.coles.com.au/product/on-the-menu-smoke-bbq-meatballs-with-spicy-rice-500g-4506147",
    "img": "https://productimages.coles.com.au/productimages/4/4506147.jpg",
    "price": 8,
    "quantity": 0.5,
    "unitPrice": 16
  },
  {
    "name": "Beef Dumplings",
    "url": "https://www.coles.com.au/product/seng-hork-beef-dumplings-500g-6510123",
    "img": "https://productimages.coles.com.au/productimages/6/6510123.jpg",
    "price": 8,
    "quantity": 0.5,
    "unitPrice": 16
  },
  {
    "name": "Prawn & Pork Dumplings",
    "url": "https://www.coles.com.au/product/seng-hork-prawn-&-pork-dumplings-500g-6510145",
    "img": "https://productimages.coles.com.au/productimages/6/6510145.jpg",
    "price": 8,
    "quantity": 0.5,
    "unitPrice": 16
  },
  {
    "name": "Italian Style Pork Sausages",
    "url": "https://www.coles.com.au/product/coles-finest-italian-style-pork-sausages-500g-1502219",
    "img": "https://productimages.coles.com.au/productimages/1/1502219.jpg",
    "price": 8,
    "quantity": 0.5,
    "unitPrice": 16
  },
  {
    "name": "Graze Grassfed Beef Sausages",
    "url": "https://www.coles.com.au/product/coles-graze-grassfed-beef-sausages-500g-2951397",
    "img": "https://productimages.coles.com.au/productimages/2/2951397.jpg",
    "price": 8,
    "quantity": 0.5,
    "unitPrice": 16
  },
  {
    "name": "Beef And Margaret River Shiraz Sausages",
    "url": "https://www.coles.com.au/product/coles-finest-beef-and-margaret-river-shiraz-sausages-500g-5926669",
    "img": "https://productimages.coles.com.au/productimages/5/5926669.jpg",
    "price": 8,
    "quantity": 0.5,
    "unitPrice": 16
  },
  {
    "name": "Pork Sage And Black Pepper Sausages",
    "url": "https://www.coles.com.au/product/coles-finest-pork-sage-and-black-pepper-sausages-500g-5928507",
    "img": "https://productimages.coles.com.au/productimages/5/5928507.jpg",
    "price": 8,
    "quantity": 0.5,
    "unitPrice": 16
  },
  {
    "name": "Mixed Selection Sausage Pack",
    "url": "https://www.coles.com.au/product/coles-finest-mixed-selection-sausage-pack-500g-5928529",
    "img": "https://productimages.coles.com.au/productimages/5/5928529.jpg",
    "price": 8,
    "quantity": 0.5,
    "unitPrice": 16
  },
  {
    "name": "Sausages Beef Garlic Parsley",
    "url": "https://www.coles.com.au/product/coles-finest-sausages-beef-garlic-parsley-500g-7346171",
    "img": "https://productimages.coles.com.au/productimages/7/7346171.jpg",
    "price": 8,
    "quantity": 0.5,
    "unitPrice": 16
  },
  {
    "name": "Graze Lamb Leg Roast Half",
    "url": "https://www.coles.com.au/product/coles-graze-lamb-leg-roast-half-approx.-1.8kg-3693843",
    "img": "https://productimages.coles.com.au/productimages/3/3693843.jpg",
    "price": 28.8,
    "quantity": 1.8,
    "unitPrice": 16
  },
  {
    "name": "No Added Hormone Beef Brisket Point End Large Piece",
    "url": "https://www.coles.com.au/product/coles-no-added-hormone-beef-brisket-point-end-large-piece-approx.-1.75kg-4256538",
    "img": "https://productimages.coles.com.au/productimages/4/4256538.jpg",
    "price": 28,
    "quantity": 1.75,
    "unitPrice": 16
  },
  {
    "name": "Carbon Neutral Pork Leg Roast",
    "url": "https://www.coles.com.au/product/coles-finest-carbon-neutral-pork-leg-roast-approx.-1kg-6409072",
    "img": "https://productimages.coles.com.au/productimages/6/6409072.jpg",
    "price": 16,
    "quantity": 1,
    "unitPrice": 16
  },
  {
    "name": "Lamb Forequarter Chops",
    "url": "https://www.coles.com.au/product/coles-lamb-forequarter-chops-approx.-433g-9917830",
    "img": "https://productimages.coles.com.au/productimages/9/9917830.jpg",
    "price": 6.93,
    "quantity": 0.433,
    "unitPrice": 16
  },
  {
    "name": "Lamb Forequarter Chops",
    "url": "https://www.coles.com.au/product/coles-lamb-forequarter-chops-approx.-1.3kg-9918196",
    "img": "https://productimages.coles.com.au/productimages/9/9918196.jpg",
    "price": 20.8,
    "quantity": 1.3,
    "unitPrice": 16
  },
  {
    "name": "RSPCA Approved Free Range Chicken Thigh Large Pack",
    "url": "https://www.coles.com.au/product/coles-rspca-approved-free-range-chicken-thigh-large-pack-approx.-1.25kg-3228800",
    "img": "https://productimages.coles.com.au/productimages/3/3228800.jpg",
    "price": 20,
    "quantity": 1.25,
    "unitPrice": 16
  },
  {
    "name": "Italian Style Pork Sausages",
    "url": "https://www.coles.com.au/product/coles-finest-italian-style-pork-sausages-500g-1502219",
    "img": "https://productimages.coles.com.au/productimages/1/1502219.jpg",
    "price": 8,
    "quantity": 0.5,
    "unitPrice": 16
  },
  {
    "name": "Graze Grassfed Beef Sausages",
    "url": "https://www.coles.com.au/product/coles-graze-grassfed-beef-sausages-500g-2951397",
    "img": "https://productimages.coles.com.au/productimages/2/2951397.jpg",
    "price": 8,
    "quantity": 0.5,
    "unitPrice": 16
  },
  {
    "name": "Beef And Margaret River Shiraz Sausages",
    "url": "https://www.coles.com.au/product/coles-finest-beef-and-margaret-river-shiraz-sausages-500g-5926669",
    "img": "https://productimages.coles.com.au/productimages/5/5926669.jpg",
    "price": 8,
    "quantity": 0.5,
    "unitPrice": 16
  },
  {
    "name": "Pork Sage And Black Pepper Sausages",
    "url": "https://www.coles.com.au/product/coles-finest-pork-sage-and-black-pepper-sausages-500g-5928507",
    "img": "https://productimages.coles.com.au/productimages/5/5928507.jpg",
    "price": 8,
    "quantity": 0.5,
    "unitPrice": 16
  },
  {
    "name": "Mixed Selection Sausage Pack",
    "url": "https://www.coles.com.au/product/coles-finest-mixed-selection-sausage-pack-500g-5928529",
    "img": "https://productimages.coles.com.au/productimages/5/5928529.jpg",
    "price": 8,
    "quantity": 0.5,
    "unitPrice": 16
  },
  {
    "name": "Sausages Beef Garlic Parsley",
    "url": "https://www.coles.com.au/product/coles-finest-sausages-beef-garlic-parsley-500g-7346171",
    "img": "https://productimages.coles.com.au/productimages/7/7346171.jpg",
    "price": 8,
    "quantity": 0.5,
    "unitPrice": 16
  },
  {
    "name": "Graze Lamb Leg Roast Half",
    "url": "https://www.coles.com.au/product/coles-graze-lamb-leg-roast-half-approx.-1.8kg-3693843",
    "img": "https://productimages.coles.com.au/productimages/3/3693843.jpg",
    "price": 28.8,
    "quantity": 1.8,
    "unitPrice": 16
  },
  {
    "name": "No Added Hormone Beef Brisket Point End Large Piece",
    "url": "https://www.coles.com.au/product/coles-no-added-hormone-beef-brisket-point-end-large-piece-approx.-1.75kg-4256538",
    "img": "https://productimages.coles.com.au/productimages/4/4256538.jpg",
    "price": 28,
    "quantity": 1.75,
    "unitPrice": 16
  },
  {
    "name": "Carbon Neutral Pork Leg Roast",
    "url": "https://www.coles.com.au/product/coles-finest-carbon-neutral-pork-leg-roast-approx.-1kg-6409072",
    "img": "https://productimages.coles.com.au/productimages/6/6409072.jpg",
    "price": 16,
    "quantity": 1,
    "unitPrice": 16
  },
  {
    "name": "Lamb Forequarter Chops",
    "url": "https://www.coles.com.au/product/coles-lamb-forequarter-chops-approx.-433g-9917830",
    "img": "https://productimages.coles.com.au/productimages/9/9917830.jpg",
    "price": 6.93,
    "quantity": 0.433,
    "unitPrice": 16
  },
  {
    "name": "Lamb Forequarter Chops",
    "url": "https://www.coles.com.au/product/coles-lamb-forequarter-chops-approx.-1.3kg-9918196",
    "img": "https://productimages.coles.com.au/productimages/9/9918196.jpg",
    "price": 20.8,
    "quantity": 1.3,
    "unitPrice": 16
  },
  {
    "name": "Latina Fresh Lasagne Sheets Sheets",
    "url": "https://www.woolworths.com.au/shop/productdetails/5033",
    "img": "https://cdn0.woolworths.media/content/wowproductimages/medium/005033.jpg",
    "price": 6,
    "quantity": 0.375,
    "unitPrice": 16
  },
  {
    "name": "Latina Fresh Egg Fettuccine Pasta",
    "url": "https://www.woolworths.com.au/shop/productdetails/22081",
    "img": "https://cdn0.woolworths.media/content/wowproductimages/medium/022081.jpg",
    "price": 6,
    "quantity": 0.375,
    "unitPrice": 16
  },
  {
    "name": "Allowrie Unsalted Butter",
    "url": "https://www.woolworths.com.au/shop/productdetails/48285",
    "img": "https://cdn0.woolworths.media/content/wowproductimages/medium/048285.jpg",
    "price": 4,
    "quantity": 0.25,
    "unitPrice": 16
  },
  {
    "name": "Allowrie Butter",
    "url": "https://www.woolworths.com.au/shop/productdetails/48272",
    "img": "https://cdn0.woolworths.media/content/wowproductimages/medium/048272.jpg",
    "price": 4,
    "quantity": 0.25,
    "unitPrice": 16
  },
  {
    "name": "Western Star Original Butter Block",
    "url": "https://www.woolworths.com.au/shop/productdetails/41287",
    "img": "https://cdn0.woolworths.media/content/wowproductimages/medium/041287.jpg",
    "price": 8,
    "quantity": 0.5,
    "unitPrice": 16
  },
  {
    "name": "Western Star Unsalted Butter Chef's Choice",
    "url": "https://www.woolworths.com.au/shop/productdetails/712251",
    "img": "https://cdn0.woolworths.media/content/wowproductimages/medium/712251.jpg",
    "price": 8,
    "quantity": 0.5,
    "unitPrice": 16
  },
  {
    "name": "Western Star Original Spreadable",
    "url": "https://www.woolworths.com.au/shop/productdetails/31727",
    "img": "https://cdn0.woolworths.media/content/wowproductimages/medium/031727.jpg",
    "price": 6,
    "quantity": 0.375,
    "unitPrice": 16
  },
  {
    "name": "Western Star Spreadable Supersoft",
    "url": "https://www.woolworths.com.au/shop/productdetails/199418",
    "img": "https://cdn0.woolworths.media/content/wowproductimages/medium/199418.jpg",
    "price": 6,
    "quantity": 0.375,
    "unitPrice": 16
  },
  {
    "name": "Flora Proactiv Margarine Buttery",
    "url": "https://www.woolworths.com.au/shop/productdetails/763453",
    "img": "https://cdn0.woolworths.media/content/wowproductimages/medium/763453.jpg",
    "price": 12,
    "quantity": 0.75,
    "unitPrice": 16
  },
  {
    "name": "Sunny Queen 100% Egg Whites",
    "url": "https://www.woolworths.com.au/shop/productdetails/202911",
    "img": "https://cdn0.woolworths.media/content/wowproductimages/medium/202911.jpg",
    "price": 8,
    "quantity": 0.5,
    "unitPrice": 16
  },
  {
    "name": "Flora Proactiv Light Margarine",
    "url": "https://www.woolworths.com.au/shop/productdetails/768519",
    "img": "https://cdn0.woolworths.media/content/wowproductimages/medium/768519.jpg",
    "price": 12,
    "quantity": 0.75,
    "unitPrice": 16
  },
  {
    "name": "Western Star Spreadable Salt Reduced",
    "url": "https://www.woolworths.com.au/shop/productdetails/290820",
    "img": "https://cdn0.woolworths.media/content/wowproductimages/medium/290820.jpg",
    "price": 6,
    "quantity": 0.375,
    "unitPrice": 16
  },
  {
    "name": "Flora Proactiv Margarine Original",
    "url": "https://www.woolworths.com.au/shop/productdetails/700518",
    "img": "https://cdn0.woolworths.media/content/wowproductimages/medium/700518.jpg",
    "price": 12,
    "quantity": 0.75,
    "unitPrice": 16
  },
  {
    "name": "Macro Organic Extra Virgin Spanish Olive Oil",
    "url": "https://www.woolworths.com.au/shop/productdetails/698867",
    "img": "https://cdn0.woolworths.media/content/wowproductimages/medium/698867.jpg",
    "price": 8,
    "quantity": 0.5,
    "unitPrice": 16
  },
  {
    "name": "Raw C Organic Coconut Oil",
    "url": "https://www.woolworths.com.au/shop/productdetails/262412",
    "img": "https://cdn0.woolworths.media/content/wowproductimages/medium/262412.jpg",
    "price": 8,
    "quantity": 0.5,
    "unitPrice": 16
  },
  {
    "name": "Boston Bay Mussels Cooked",
    "url": "https://www.woolworths.com.au/shop/productdetails/802255",
    "img": "https://cdn0.woolworths.media/content/wowproductimages/medium/802255.jpg",
    "price": 8,
    "quantity": 0.5,
    "unitPrice": 16
  },
  {
    "name": "Helga's Gluten Free Traditional White Loaf",
    "url": "https://www.woolworths.com.au/shop/productdetails/688815",
    "img": "https://cdn0.woolworths.media/content/wowproductimages/medium/688815.jpg",
    "price": 7.5,
    "quantity": 0.47,
    "unitPrice": 16
  },
  {
    "name": "Siggi's Yoghurt Raspberry Raspberry",
    "url": "https://www.woolworths.com.au/shop/productdetails/862495",
    "img": "https://cdn0.woolworths.media/content/wowproductimages/medium/862495.jpg",
    "price": 2,
    "quantity": 0.125,
    "unitPrice": 16
  },
  {
    "name": "Continental Classics Cheesy Rice Serves 2",
    "url": "https://www.woolworths.com.au/shop/productdetails/691507",
    "img": "https://cdn0.woolworths.media/content/wowproductimages/medium/691507.jpg",
    "price": 2,
    "quantity": 0.125,
    "unitPrice": 16
  },
  {
    "name": "Ben's Original Tomato & Basil Microwave Rice Pouch",
    "url": "https://www.woolworths.com.au/shop/productdetails/261734",
    "img": "https://cdn0.woolworths.media/content/wowproductimages/medium/261734.jpg",
    "price": 4,
    "quantity": 0.25,
    "unitPrice": 16
  },
  {
    "name": "Ben's Original Mexican Style Microwave Rice Pouch",
    "url": "https://www.woolworths.com.au/shop/productdetails/270829",
    "img": "https://cdn0.woolworths.media/content/wowproductimages/medium/270829.jpg",
    "price": 4,
    "quantity": 0.25,
    "unitPrice": 16
  },
  {
    "name": "Ben's Original Savoury Chicken Flavour Microwave Rice Pouch",
    "url": "https://www.woolworths.com.au/shop/productdetails/261735",
    "img": "https://cdn0.woolworths.media/content/wowproductimages/medium/261735.jpg",
    "price": 4,
    "quantity": 0.25,
    "unitPrice": 16
  },
  {
    "name": "Ben's Original Special Fried Microwave Rice Pouch",
    "url": "https://www.woolworths.com.au/shop/productdetails/270976",
    "img": "https://cdn0.woolworths.media/content/wowproductimages/medium/270976.jpg",
    "price": 4,
    "quantity": 0.25,
    "unitPrice": 16
  },
  {
    "name": "Ben's Original Lightly Flavour Coconut Microwave Rice Pouch",
    "url": "https://www.woolworths.com.au/shop/productdetails/177521",
    "img": "https://cdn0.woolworths.media/content/wowproductimages/medium/177521.jpg",
    "price": 4,
    "quantity": 0.25,
    "unitPrice": 16
  },
  {
    "name": "Ben's Original Brown Mexican Style Microwave Rice Pouch",
    "url": "https://www.woolworths.com.au/shop/productdetails/727257",
    "img": "https://cdn0.woolworths.media/content/wowproductimages/medium/727257.jpg",
    "price": 4,
    "quantity": 0.25,
    "unitPrice": 16
  },
  {
    "name": "Ben's Original Coconut, Chilli And Lemongrass Microwave Rice Pouch",
    "url": "https://www.woolworths.com.au/shop/productdetails/176829",
    "img": "https://cdn0.woolworths.media/content/wowproductimages/medium/176829.jpg",
    "price": 4,
    "quantity": 0.25,
    "unitPrice": 16
  },
  {
    "name": "Ben's Original Golden Vegetable Microwave Rice Pouch",
    "url": "https://www.woolworths.com.au/shop/productdetails/37211",
    "img": "https://cdn0.woolworths.media/content/wowproductimages/medium/037211.jpg",
    "price": 4,
    "quantity": 0.25,
    "unitPrice": 16
  },
  {
    "name": "Ben's Original Brown, Red & Wild Rice Medley Microwave Rice Pouch",
    "url": "https://www.woolworths.com.au/shop/productdetails/792456",
    "img": "https://cdn0.woolworths.media/content/wowproductimages/medium/792456.jpg",
    "price": 4,
    "quantity": 0.25,
    "unitPrice": 16
  },
  {
    "name": "Ben's Original Brown Microwave Rice Pouch",
    "url": "https://www.woolworths.com.au/shop/productdetails/364093",
    "img": "https://cdn0.woolworths.media/content/wowproductimages/medium/364093.jpg",
    "price": 4,
    "quantity": 0.25,
    "unitPrice": 16
  },
  {
    "name": "Ben's Original Lightly Flavour Garlic Microwave Rice Pouch",
    "url": "https://www.woolworths.com.au/shop/productdetails/79980",
    "img": "https://cdn0.woolworths.media/content/wowproductimages/medium/079980.jpg",
    "price": 4,
    "quantity": 0.25,
    "unitPrice": 16
  },
  {
    "name": "Ben's Original Indian Style Spiced Microwave Rice Pouch",
    "url": "https://www.woolworths.com.au/shop/productdetails/80037",
    "img": "https://cdn0.woolworths.media/content/wowproductimages/medium/080037.jpg",
    "price": 4,
    "quantity": 0.25,
    "unitPrice": 16
  },
  {
    "name": "Ben's Original Lightly Flavoured Chilli Rice",
    "url": "https://www.woolworths.com.au/shop/productdetails/244307",
    "img": "https://cdn0.woolworths.media/content/wowproductimages/medium/244307.jpg",
    "price": 4,
    "quantity": 0.25,
    "unitPrice": 16
  },
  {
    "name": "Ben's Original Lightly Flavoured Lime Rice",
    "url": "https://www.woolworths.com.au/shop/productdetails/248288",
    "img": "https://cdn0.woolworths.media/content/wowproductimages/medium/248288.jpg",
    "price": 4,
    "quantity": 0.25,
    "unitPrice": 16
  },
  {
    "name": "Ben's Original Lightly Flavoured Lemon Rice",
    "url": "https://www.woolworths.com.au/shop/productdetails/243955",
    "img": "https://cdn0.woolworths.media/content/wowproductimages/medium/243955.jpg",
    "price": 4,
    "quantity": 0.25,
    "unitPrice": 16
  },
  {
    "name": "Woolworths Lamb Easy Carve Leg Roast",
    "url": "https://www.woolworths.com.au/shop/productdetails/200152",
    "img": "https://cdn0.woolworths.media/content/wowproductimages/medium/200152.jpg",
    "price": 22.4,
    "quantity": 1.4,
    "unitPrice": 16
  },
  {
    "name": "D'orsogna Middle Bacon",
    "url": "https://www.woolworths.com.au/shop/productdetails/71859",
    "img": "https://cdn0.woolworths.media/content/wowproductimages/medium/071859.jpg",
    "price": 16,
    "quantity": 1,
    "unitPrice": 16
  },
  {
    "name": "Peppercorn Beef Burger Extra Lean",
    "url": "https://www.woolworths.com.au/shop/productdetails/178137",
    "img": "https://cdn0.woolworths.media/content/wowproductimages/medium/178137.jpg",
    "price": 8,
    "quantity": 0.5,
    "unitPrice": 16
  },
  {
    "name": "Woolworths 6 Chicken Sausage With Roasted Garlic & Thyme",
    "url": "https://www.woolworths.com.au/shop/productdetails/162395",
    "img": "https://cdn0.woolworths.media/content/wowproductimages/medium/162395.jpg",
    "price": 8,
    "quantity": 0.5,
    "unitPrice": 16
  },
  {
    "name": "Woolworths 6 Pork Sausage Sautee Onion & Sage",
    "url": "https://www.woolworths.com.au/shop/productdetails/162394",
    "img": "https://cdn0.woolworths.media/content/wowproductimages/medium/162394.jpg",
    "price": 8,
    "quantity": 0.5,
    "unitPrice": 16
  },
  {
    "name": "Woolworths 6 Beef Sausage With Roasted Garlic & Parsley",
    "url": "https://www.woolworths.com.au/shop/productdetails/162393",
    "img": "https://cdn0.woolworths.media/content/wowproductimages/medium/162393.jpg",
    "price": 8,
    "quantity": 0.5,
    "unitPrice": 16
  },
  {
    "name": "Woolworths Applewood Smoke Infused Pork Sausages",
    "url": "https://www.woolworths.com.au/shop/productdetails/212749",
    "img": "https://cdn0.woolworths.media/content/wowproductimages/medium/212749.jpg",
    "price": 8,
    "quantity": 0.5,
    "unitPrice": 16
  },
  {
    "name": "Woolworths Hickory Smoked Infused Beef Sausages",
    "url": "https://www.woolworths.com.au/shop/productdetails/213860",
    "img": "https://cdn0.woolworths.media/content/wowproductimages/medium/213860.jpg",
    "price": 8,
    "quantity": 0.5,
    "unitPrice": 16
  },
  {
    "name": "Natural Pink Himalayan Rock Salt Grinder",
    "url": "https://www.woolworths.com.au/shop/productdetails/57086",
    "img": "https://cdn0.woolworths.media/content/wowproductimages/medium/057086.jpg",
    "price": 6,
    "quantity": 0.37,
    "unitPrice": 16
  },
  {
    "name": "Airborne Manuka Honey Upside Down",
    "url": "https://www.woolworths.com.au/shop/productdetails/159019",
    "img": "https://cdn0.woolworths.media/content/wowproductimages/medium/159019.jpg",
    "price": 8,
    "quantity": 0.5,
    "unitPrice": 16
  },
  {
    "name": "Capilano 100% Pure Australian Honey Twist & Squeeze",
    "url": "https://www.woolworths.com.au/shop/productdetails/342395",
    "img": "https://cdn0.woolworths.media/content/wowproductimages/medium/342395.jpg",
    "price": 6,
    "quantity": 0.375,
    "unitPrice": 16
  },
  {
    "name": "Macro Organic Smooth Peanut Butter",
    "url": "https://www.woolworths.com.au/shop/productdetails/553057",
    "img": "https://cdn0.woolworths.media/content/wowproductimages/medium/553057.jpg",
    "price": 6,
    "quantity": 0.375,
    "unitPrice": 16
  },
  {
    "name": "Macro Organic Crunchy Peanut Butter",
    "url": "https://www.woolworths.com.au/shop/productdetails/553058",
    "img": "https://cdn0.woolworths.media/content/wowproductimages/medium/553058.jpg",
    "price": 6,
    "quantity": 0.375,
    "unitPrice": 16
  },
  {
    "name": "Masterfoods Garlic & Truffle Flavour No Rules Sauce",
    "url": "https://www.woolworths.com.au/shop/productdetails/238277",
    "img": "https://cdn0.woolworths.media/content/wowproductimages/medium/238277.jpg",
    "price": 4,
    "quantity": 0.25,
    "unitPrice": 16
  },
  {
    "name": "Masterfoods Smokey Chipotle No Rules Sauce",
    "url": "https://www.woolworths.com.au/shop/productdetails/238293",
    "img": "https://cdn0.woolworths.media/content/wowproductimages/medium/238293.jpg",
    "price": 4,
    "quantity": 0.25,
    "unitPrice": 16
  },
  {
    "name": "Masterfoods Creamy Buffalo No Rules Sauce",
    "url": "https://www.woolworths.com.au/shop/productdetails/238383",
    "img": "https://cdn0.woolworths.media/content/wowproductimages/medium/238383.jpg",
    "price": 4,
    "quantity": 0.25,
    "unitPrice": 16
  },
  {
    "name": "F. Whitlock & Sons Smokehouse Tomato Chutney Sauce",
    "url": "https://www.woolworths.com.au/shop/productdetails/169354",
    "img": "https://cdn0.woolworths.media/content/wowproductimages/medium/169354.jpg",
    "price": 4,
    "quantity": 0.25,
    "unitPrice": 16
  },
  {
    "name": "F. Whitlock & Sons Chipotle Barbecue Bbq Sauce",
    "url": "https://www.woolworths.com.au/shop/productdetails/169076",
    "img": "https://cdn0.woolworths.media/content/wowproductimages/medium/169076.jpg",
    "price": 4,
    "quantity": 0.25,
    "unitPrice": 16
  },
  {
    "name": "Kikkoman Marinade Teriyaki",
    "url": "https://www.woolworths.com.au/shop/productdetails/33948",
    "img": "https://cdn0.woolworths.media/content/wowproductimages/medium/033948.jpg",
    "price": 4,
    "quantity": 0.25,
    "unitPrice": 16
  },
  {
    "name": "Gravox Traditional Family Pack Liquid Gravy Pouch",
    "url": "https://www.woolworths.com.au/shop/productdetails/323702",
    "img": "https://cdn0.woolworths.media/content/wowproductimages/medium/323702.jpg",
    "price": 4,
    "quantity": 0.25,
    "unitPrice": 16
  },
  {
    "name": "Nando's Lemon & Herb Peri-peri Quick Marinade",
    "url": "https://www.woolworths.com.au/shop/productdetails/701943",
    "img": "https://cdn0.woolworths.media/content/wowproductimages/medium/701943.jpg",
    "price": 4.15,
    "quantity": 0.26,
    "unitPrice": 16
  },
  {
    "name": "Gravox Roast Chicken With Herbs Family Pack Liquid Gravy Pouch",
    "url": "https://www.woolworths.com.au/shop/productdetails/323716",
    "img": "https://cdn0.woolworths.media/content/wowproductimages/medium/323716.jpg",
    "price": 4,
    "quantity": 0.25,
    "unitPrice": 16
  },
  {
    "name": "Gravox Lamb & Rosemary Family Pack Liquid Gravy Pouch",
    "url": "https://www.woolworths.com.au/shop/productdetails/323730",
    "img": "https://cdn0.woolworths.media/content/wowproductimages/medium/323730.jpg",
    "price": 4,
    "quantity": 0.25,
    "unitPrice": 16
  },
  {
    "name": "Leggo's Gourmet Tomato Paste Infused With Roasted Garlic",
    "url": "https://www.woolworths.com.au/shop/productdetails/316827",
    "img": "https://cdn0.woolworths.media/content/wowproductimages/medium/316827.jpg",
    "price": 4,
    "quantity": 0.25,
    "unitPrice": 16
  },
  {
    "name": "Gravox Roast Pork Family Pack Liquid Gravy Pouch",
    "url": "https://www.woolworths.com.au/shop/productdetails/675110",
    "img": "https://cdn0.woolworths.media/content/wowproductimages/medium/675110.jpg",
    "price": 4,
    "quantity": 0.25,
    "unitPrice": 16
  },
  {
    "name": "Leggo's Gourmet Tomato Paste Infused With Caramelised Onion",
    "url": "https://www.woolworths.com.au/shop/productdetails/318454",
    "img": "https://cdn0.woolworths.media/content/wowproductimages/medium/318454.jpg",
    "price": 4,
    "quantity": 0.25,
    "unitPrice": 16
  },
  {
    "name": "Masterfoods One Pan Rice Chicken & Mushroom Risotto",
    "url": "https://www.woolworths.com.au/shop/productdetails/219966",
    "img": "https://cdn0.woolworths.media/content/wowproductimages/medium/219966.jpg",
    "price": 4,
    "quantity": 0.25,
    "unitPrice": 16
  },
  {
    "name": "Masterfoods One Pan Rice Spanish Style Paella",
    "url": "https://www.woolworths.com.au/shop/productdetails/220002",
    "img": "https://cdn0.woolworths.media/content/wowproductimages/medium/220002.jpg",
    "price": 4,
    "quantity": 0.25,
    "unitPrice": 16
  },
  {
    "name": "Nestle Bakers' Choice Milk Choc Bits Value Pack",
    "url": "https://www.woolworths.com.au/shop/productdetails/490090",
    "img": "https://cdn0.woolworths.media/content/wowproductimages/medium/490090.jpg",
    "price": 6,
    "quantity": 0.375,
    "unitPrice": 16
  },
  {
    "name": "Csr Unrefined Coconut Sugar",
    "url": "https://www.woolworths.com.au/shop/productdetails/659255",
    "img": "https://cdn0.woolworths.media/content/wowproductimages/medium/659255.jpg",
    "price": 4,
    "quantity": 0.25,
    "unitPrice": 16
  },
  {
    "name": "Csr Dark Muscovado Sugar",
    "url": "https://www.woolworths.com.au/shop/productdetails/659256",
    "img": "https://cdn0.woolworths.media/content/wowproductimages/medium/659256.jpg",
    "price": 4,
    "quantity": 0.25,
    "unitPrice": 16
  },
  {
    "name": "Macro Pumpkin Kernels",
    "url": "https://www.woolworths.com.au/shop/productdetails/231811",
    "img": "https://cdn0.woolworths.media/content/wowproductimages/medium/231811.jpg",
    "price": 4,
    "quantity": 0.25,
    "unitPrice": 16
  },
  {
    "name": "Macro Seed Mix With Pepitas & Sunflower Seeds",
    "url": "https://www.woolworths.com.au/shop/productdetails/89756",
    "img": "https://cdn0.woolworths.media/content/wowproductimages/medium/089756.jpg",
    "price": 4,
    "quantity": 0.25,
    "unitPrice": 16
  },
  {
    "name": "Mckenzie's Coconut Moist Flakes",
    "url": "https://www.woolworths.com.au/shop/productdetails/251036",
    "img": "https://cdn0.woolworths.media/content/wowproductimages/medium/251036.jpg",
    "price": 3.6,
    "quantity": 0.225,
    "unitPrice": 16
  },
  {
    "name": "Mckenzie's Oat Flour",
    "url": "https://www.woolworths.com.au/shop/productdetails/820039",
    "img": "https://cdn0.woolworths.media/content/wowproductimages/medium/820039.jpg",
    "price": 4,
    "quantity": 0.25,
    "unitPrice": 16
  },
  {
    "name": "Footy Franks Skinless",
    "url": "https://www.coles.com.au/product/don-footy-franks-skinless-435g-5300282",
    "img": "https://productimages.coles.com.au/productimages/5/5300282.jpg",
    "price": 7,
    "quantity": 0.435,
    "unitPrice": 16.09
  },
  {
    "name": "25 South Fennel & Tomato Sauce",
    "url": "https://www.woolworths.com.au/shop/productdetails/281388",
    "img": "https://cdn0.woolworths.media/content/wowproductimages/medium/281388.jpg",
    "price": 4.5,
    "quantity": 0.28,
    "unitPrice": 16.1
  },
  {
    "name": "25 South Creamy Spiced Pumpkin Sauce",
    "url": "https://www.woolworths.com.au/shop/productdetails/281389",
    "img": "https://cdn0.woolworths.media/content/wowproductimages/medium/281389.jpg",
    "price": 4.5,
    "quantity": 0.28,
    "unitPrice": 16.1
  },
  {
    "name": "25 South Leek & Goat Cheese Sauce",
    "url": "https://www.woolworths.com.au/shop/productdetails/284914",
    "img": "https://cdn0.woolworths.media/content/wowproductimages/medium/284914.jpg",
    "price": 4.5,
    "quantity": 0.28,
    "unitPrice": 16.1
  },
  {
    "name": "Chang's Japanese Teriyaki Sauce",
    "url": "https://www.woolworths.com.au/shop/productdetails/167355",
    "img": "https://cdn0.woolworths.media/content/wowproductimages/medium/167355.jpg",
    "price": 4.5,
    "quantity": 0.28,
    "unitPrice": 16.1
  },
  {
    "name": "Chang's Hoisin Sauce",
    "url": "https://www.woolworths.com.au/shop/productdetails/609551",
    "img": "https://cdn0.woolworths.media/content/wowproductimages/medium/609551.jpg",
    "price": 4.5,
    "quantity": 0.28,
    "unitPrice": 16.1
  },
  {
    "name": "Chang's Original Fish Sauce",
    "url": "https://www.woolworths.com.au/shop/productdetails/167247",
    "img": "https://cdn0.woolworths.media/content/wowproductimages/medium/167247.jpg",
    "price": 4.5,
    "quantity": 0.28,
    "unitPrice": 16.1
  },
  {
    "name": "Chang's Oyster Sauce",
    "url": "https://www.woolworths.com.au/shop/productdetails/609552",
    "img": "https://cdn0.woolworths.media/content/wowproductimages/medium/609552.jpg",
    "price": 4.5,
    "quantity": 0.28,
    "unitPrice": 16.1
  },
  {
    "name": "Strawberry Jam",
    "url": "https://www.coles.com.au/product/bonne-maman-strawberry-jam-370g-5935149",
    "img": "https://productimages.coles.com.au/productimages/5/5935149.jpg",
    "price": 6,
    "quantity": 0.37,
    "unitPrice": 16.2
  },
  {
    "name": "Raspberry Jam",
    "url": "https://www.coles.com.au/product/bonne-maman-raspberry-jam-370g-8558164",
    "img": "https://productimages.coles.com.au/productimages/8/8558164.jpg",
    "price": 6,
    "quantity": 0.37,
    "unitPrice": 16.2
  },
  {
    "name": "Blackcurrant Jam",
    "url": "https://www.coles.com.au/product/bonne-maman-blackcurrant-jam-370g-3972224",
    "img": "https://productimages.coles.com.au/productimages/3/3972224.jpg",
    "price": 6,
    "quantity": 0.37,
    "unitPrice": 16.2
  },
  {
    "name": "Apricot Jam",
    "url": "https://www.coles.com.au/product/bonne-maman-apricot-jam-370g-5034203",
    "img": "https://productimages.coles.com.au/productimages/5/5034203.jpg",
    "price": 6,
    "quantity": 0.37,
    "unitPrice": 16.2
  },
  {
    "name": "Orange Marmalade",
    "url": "https://www.coles.com.au/product/bonne-maman-orange-marmalade-370g-5034236",
    "img": "https://productimages.coles.com.au/productimages/5/5034236.jpg",
    "price": 6,
    "quantity": 0.37,
    "unitPrice": 16.2
  },
  {
    "name": "Strawberry Jam",
    "url": "https://www.coles.com.au/product/bonne-maman-strawberry-jam-370g-5935149",
    "img": "https://productimages.coles.com.au/productimages/5/5935149.jpg",
    "price": 6,
    "quantity": 0.37,
    "unitPrice": 16.2
  },
  {
    "name": "Fig Jam",
    "url": "https://www.coles.com.au/product/bonne-maman-fig-jam-370g-7011800",
    "img": "https://productimages.coles.com.au/productimages/7/7011800.jpg",
    "price": 6,
    "quantity": 0.37,
    "unitPrice": 16.2
  },
  {
    "name": "Blackberry Jam",
    "url": "https://www.coles.com.au/product/bonne-maman-blackberry-jam-370g-7797385",
    "img": "https://productimages.coles.com.au/productimages/7/7797385.jpg",
    "price": 6,
    "quantity": 0.37,
    "unitPrice": 16.2
  },
  {
    "name": "Raspberry Jam",
    "url": "https://www.coles.com.au/product/bonne-maman-raspberry-jam-370g-8558164",
    "img": "https://productimages.coles.com.au/productimages/8/8558164.jpg",
    "price": 6,
    "quantity": 0.37,
    "unitPrice": 16.2
  },
  {
    "name": "Cherry Jam",
    "url": "https://www.coles.com.au/product/bonne-maman-cherry-jam-370g-8558200",
    "img": "https://productimages.coles.com.au/productimages/8/8558200.jpg",
    "price": 6,
    "quantity": 0.37,
    "unitPrice": 16.2
  },
  {
    "name": "Blackcurrant Jam",
    "url": "https://www.coles.com.au/product/bonne-maman-blackcurrant-jam-370g-3972224",
    "img": "https://productimages.coles.com.au/productimages/3/3972224.jpg",
    "price": 6,
    "quantity": 0.37,
    "unitPrice": 16.2
  },
  {
    "name": "Apricot Jam",
    "url": "https://www.coles.com.au/product/bonne-maman-apricot-jam-370g-5034203",
    "img": "https://productimages.coles.com.au/productimages/5/5034203.jpg",
    "price": 6,
    "quantity": 0.37,
    "unitPrice": 16.2
  },
  {
    "name": "Orange Marmalade",
    "url": "https://www.coles.com.au/product/bonne-maman-orange-marmalade-370g-5034236",
    "img": "https://productimages.coles.com.au/productimages/5/5034236.jpg",
    "price": 6,
    "quantity": 0.37,
    "unitPrice": 16.2
  },
  {
    "name": "Strawberry Jam",
    "url": "https://www.coles.com.au/product/bonne-maman-strawberry-jam-370g-5935149",
    "img": "https://productimages.coles.com.au/productimages/5/5935149.jpg",
    "price": 6,
    "quantity": 0.37,
    "unitPrice": 16.2
  },
  {
    "name": "Fig Jam",
    "url": "https://www.coles.com.au/product/bonne-maman-fig-jam-370g-7011800",
    "img": "https://productimages.coles.com.au/productimages/7/7011800.jpg",
    "price": 6,
    "quantity": 0.37,
    "unitPrice": 16.2
  },
  {
    "name": "Blackberry Jam",
    "url": "https://www.coles.com.au/product/bonne-maman-blackberry-jam-370g-7797385",
    "img": "https://productimages.coles.com.au/productimages/7/7797385.jpg",
    "price": 6,
    "quantity": 0.37,
    "unitPrice": 16.2
  },
  {
    "name": "Raspberry Jam",
    "url": "https://www.coles.com.au/product/bonne-maman-raspberry-jam-370g-8558164",
    "img": "https://productimages.coles.com.au/productimages/8/8558164.jpg",
    "price": 6,
    "quantity": 0.37,
    "unitPrice": 16.2
  },
  {
    "name": "Cherry Jam",
    "url": "https://www.coles.com.au/product/bonne-maman-cherry-jam-370g-8558200",
    "img": "https://productimages.coles.com.au/productimages/8/8558200.jpg",
    "price": 6,
    "quantity": 0.37,
    "unitPrice": 16.2
  },
  {
    "name": "Just Foods Crushed Garlic Organic",
    "url": "https://www.woolworths.com.au/shop/productdetails/445813",
    "img": "https://cdn0.woolworths.media/content/wowproductimages/medium/445813.jpg",
    "price": 2.99,
    "quantity": 0.185,
    "unitPrice": 16.2
  },
  {
    "name": "Bonne Maman Strawberry Conserve",
    "url": "https://www.woolworths.com.au/shop/productdetails/63040",
    "img": "https://cdn0.woolworths.media/content/wowproductimages/medium/063040.jpg",
    "price": 6,
    "quantity": 0.37,
    "unitPrice": 16.2
  },
  {
    "name": "Bonne Maman Raspberry Jam",
    "url": "https://www.woolworths.com.au/shop/productdetails/49905",
    "img": "https://cdn0.woolworths.media/content/wowproductimages/medium/049905.jpg",
    "price": 6,
    "quantity": 0.37,
    "unitPrice": 16.2
  },
  {
    "name": "Bonne Maman Apricot Jam",
    "url": "https://www.woolworths.com.au/shop/productdetails/63083",
    "img": "https://cdn0.woolworths.media/content/wowproductimages/medium/063083.jpg",
    "price": 6,
    "quantity": 0.37,
    "unitPrice": 16.2
  },
  {
    "name": "Bonne Maman Cherry Conserve",
    "url": "https://www.woolworths.com.au/shop/productdetails/55874",
    "img": "https://cdn0.woolworths.media/content/wowproductimages/medium/055874.jpg",
    "price": 6,
    "quantity": 0.37,
    "unitPrice": 16.2
  },
  {
    "name": "Bonne Maman Orange Marmalade",
    "url": "https://www.woolworths.com.au/shop/productdetails/67146",
    "img": "https://cdn0.woolworths.media/content/wowproductimages/medium/067146.jpg",
    "price": 6,
    "quantity": 0.37,
    "unitPrice": 16.2
  },
  {
    "name": "Mutti Tomato Paste Double Concentrate",
    "url": "https://www.woolworths.com.au/shop/productdetails/290303",
    "img": "https://cdn0.woolworths.media/content/wowproductimages/medium/290303.jpg",
    "price": 2.1,
    "quantity": 0.13,
    "unitPrice": 16.2
  },
  {
    "name": "Brussels Sprouts Prepack",
    "url": "https://www.coles.com.au/product/coles-brussels-sprouts-prepack-400g-9323257",
    "img": "https://productimages.coles.com.au/productimages/9/9323257.jpg",
    "price": 6.5,
    "quantity": 0.4,
    "unitPrice": 16.25
  },
  {
    "name": "Brussels Sprouts Prepack",
    "url": "https://www.coles.com.au/product/coles-brussels-sprouts-prepack-400g-9323257",
    "img": "https://productimages.coles.com.au/productimages/9/9323257.jpg",
    "price": 6.5,
    "quantity": 0.4,
    "unitPrice": 16.25
  },
  {
    "name": "Iced Latte Coffee",
    "url": "https://www.coles.com.au/product/boss-iced-latte-coffee-237ml-3762673",
    "img": "https://productimages.coles.com.au/productimages/3/3762673.jpg",
    "price": 3.85,
    "quantity": 0.237,
    "unitPrice": 16.25
  },
  {
    "name": "Iced Long Black Coffee",
    "url": "https://www.coles.com.au/product/boss-iced-long-black-coffee-237ml-3762710",
    "img": "https://productimages.coles.com.au/productimages/3/3762710.jpg",
    "price": 3.85,
    "quantity": 0.237,
    "unitPrice": 16.25
  },
  {
    "name": "Vanilla Latte Coffee",
    "url": "https://www.coles.com.au/product/boss-vanilla-latte-coffee-237ml-3897264",
    "img": "https://productimages.coles.com.au/productimages/3/3897264.jpg",
    "price": 3.85,
    "quantity": 0.237,
    "unitPrice": 16.25
  },
  {
    "name": "Double Espresso Coffee",
    "url": "https://www.coles.com.au/product/boss-double-espresso-coffee-237ml-4476727",
    "img": "https://productimages.coles.com.au/productimages/4/4476727.jpg",
    "price": 3.85,
    "quantity": 0.237,
    "unitPrice": 16.25
  },
  {
    "name": "Caramel Coffee",
    "url": "https://www.coles.com.au/product/boss-caramel-coffee-237ml-5648045",
    "img": "https://productimages.coles.com.au/productimages/5/5648045.jpg",
    "price": 3.85,
    "quantity": 0.237,
    "unitPrice": 16.25
  },
  {
    "name": "Almond Meal",
    "url": "https://www.coles.com.au/product/coles-almond-meal-400g-3017575",
    "img": "https://productimages.coles.com.au/productimages/3/3017575.jpg",
    "price": 6.5,
    "quantity": 0.4,
    "unitPrice": 16.25
  },
  {
    "name": "Frozen SteamFresh Broccoli Cauliflower & Carrots With Cheese Sauce 2 Pack",
    "url": "https://www.coles.com.au/product/birds-eye-frozen-steamfresh-broccoli-cauliflower-&-carrots-with-cheese-sauce-2-pack-400g-1777228",
    "img": "https://productimages.coles.com.au/productimages/1/1777228.jpg",
    "price": 6.5,
    "quantity": 0.4,
    "unitPrice": 16.25
  },
  {
    "name": "Frozen Steam Fresh Baby Potatoes With Broccoli Carrots Peas & Herbs 2 pack",
    "url": "https://www.coles.com.au/product/birds-eye-frozen-steam-fresh-baby-potatoes-with-broccoli-carrots-peas-&-herbs-2-pack-400g-2257799",
    "img": "https://productimages.coles.com.au/productimages/2/2257799.jpg",
    "price": 6.5,
    "quantity": 0.4,
    "unitPrice": 16.25
  },
  {
    "name": "Frozen Steamfresh Potato Mash With Butter",
    "url": "https://www.coles.com.au/product/birds-eye-frozen-steamfresh-potato-mash-with-butter-400g-2912974",
    "img": "https://productimages.coles.com.au/productimages/2/2912974.jpg",
    "price": 6.5,
    "quantity": 0.4,
    "unitPrice": 16.25
  },
  {
    "name": "Frozen Steamfresh Fried Rice Vegetables 2Pack",
    "url": "https://www.coles.com.au/product/birds-eye-frozen-steamfresh-fried-rice-vegetables-2pack-400g-3635235",
    "img": "https://productimages.coles.com.au/productimages/3/3635235.jpg",
    "price": 6.5,
    "quantity": 0.4,
    "unitPrice": 16.25
  },
  {
    "name": "Herb & Garlic Chicken Breast Tenders",
    "url": "https://www.coles.com.au/product/steggles-herb-&-garlic-chicken-breast-tenders-400g-6943368",
    "img": "https://productimages.coles.com.au/productimages/6/6943368.jpg",
    "price": 6.5,
    "quantity": 0.4,
    "unitPrice": 16.25
  },
  {
    "name": "Beef Chevaps",
    "url": "https://www.coles.com.au/product/coles-beef-chevaps-400g-3034960",
    "img": "https://productimages.coles.com.au/productimages/3/3034960.jpg",
    "price": 6.5,
    "quantity": 0.4,
    "unitPrice": 16.25
  },
  {
    "name": "Gravy Beef",
    "url": "https://www.coles.com.au/product/coles-gravy-beef-800g-7361561",
    "img": "https://productimages.coles.com.au/productimages/7/7361561.jpg",
    "price": 13,
    "quantity": 0.8,
    "unitPrice": 16.25
  },
  {
    "name": "Beef Chevaps",
    "url": "https://www.coles.com.au/product/coles-beef-chevaps-400g-3034960",
    "img": "https://productimages.coles.com.au/productimages/3/3034960.jpg",
    "price": 6.5,
    "quantity": 0.4,
    "unitPrice": 16.25
  },
  {
    "name": "Gravy Beef",
    "url": "https://www.coles.com.au/product/coles-gravy-beef-800g-7361561",
    "img": "https://productimages.coles.com.au/productimages/7/7361561.jpg",
    "price": 13,
    "quantity": 0.8,
    "unitPrice": 16.25
  },
  {
    "name": "Birds Eye Steam Fresh In Cheese Sauce Broccoli, Cauliflower & Carrot",
    "url": "https://www.woolworths.com.au/shop/productdetails/782978",
    "img": "https://cdn0.woolworths.media/content/wowproductimages/medium/782978.jpg",
    "price": 6.5,
    "quantity": 0.4,
    "unitPrice": 16.25
  },
  {
    "name": "Birds Eye Steam Fresh Potato Mash With Butter",
    "url": "https://www.woolworths.com.au/shop/productdetails/586851",
    "img": "https://cdn0.woolworths.media/content/wowproductimages/medium/586851.jpg",
    "price": 6.5,
    "quantity": 0.4,
    "unitPrice": 16.25
  },
  {
    "name": "Birds Eye Steam Fresh Baby Potatoes With Broccoli, Carrots, Peas &herbs",
    "url": "https://www.woolworths.com.au/shop/productdetails/839440",
    "img": "https://cdn0.woolworths.media/content/wowproductimages/medium/839440.jpg",
    "price": 6.5,
    "quantity": 0.4,
    "unitPrice": 16.25
  },
  {
    "name": "Woolworths Almond Meal",
    "url": "https://www.woolworths.com.au/shop/productdetails/610610",
    "img": "https://cdn0.woolworths.media/content/wowproductimages/medium/610610.jpg",
    "price": 6.5,
    "quantity": 0.4,
    "unitPrice": 16.25
  },
  {
    "name": "Natures Kitchen Mushroom Agnolotti",
    "url": "https://www.coles.com.au/product/coles-natures-kitchen-mushroom-agnolotti-350g-4689397",
    "img": "https://productimages.coles.com.au/productimages/4/4689397.jpg",
    "price": 5.7,
    "quantity": 0.35,
    "unitPrice": 16.3
  },
  {
    "name": "Frosting Cream Cheese",
    "url": "https://www.coles.com.au/product/betty-crocker-frosting-cream-cheese-400g-4357910",
    "img": "https://productimages.coles.com.au/productimages/4/4357910.jpg",
    "price": 6.5,
    "quantity": 0.4,
    "unitPrice": 16.3
  },
  {
    "name": "Creamy Deluxe Milk Chocolate Frosting",
    "url": "https://www.coles.com.au/product/betty-crocker-creamy-deluxe-milk-chocolate-frosting-400g-5238462",
    "img": "https://productimages.coles.com.au/productimages/5/5238462.jpg",
    "price": 6.5,
    "quantity": 0.4,
    "unitPrice": 16.3
  },
  {
    "name": "Creamy Deluxe Vanilla Frosting",
    "url": "https://www.coles.com.au/product/betty-crocker-creamy-deluxe-vanilla-frosting-400g-5238473",
    "img": "https://productimages.coles.com.au/productimages/5/5238473.jpg",
    "price": 6.5,
    "quantity": 0.4,
    "unitPrice": 16.3
  },
  {
    "name": "Zooper Dooper Cola Cake Bite Mix",
    "url": "https://www.coles.com.au/product/greens-zooper-dooper-cola-cake-bite-mix-430g-6769125",
    "img": "https://productimages.coles.com.au/productimages/6/6769125.jpg",
    "price": 7,
    "quantity": 0.43,
    "unitPrice": 16.3
  },
  {
    "name": "Cheesybite Spread",
    "url": "https://www.coles.com.au/product/vegemite-cheesybite-spread-270g-7277239",
    "img": "https://productimages.coles.com.au/productimages/7/7277239.jpg",
    "price": 4.4,
    "quantity": 0.27,
    "unitPrice": 16.3
  },
  {
    "name": "Cheesybite Spread",
    "url": "https://www.coles.com.au/product/vegemite-cheesybite-spread-270g-7277239",
    "img": "https://productimages.coles.com.au/productimages/7/7277239.jpg",
    "price": 4.4,
    "quantity": 0.27,
    "unitPrice": 16.3
  },
  {
    "name": "Vegan Aioli",
    "url": "https://www.coles.com.au/product/coles-vegan-aioli-240ml-3593113",
    "img": "https://productimages.coles.com.au/productimages/3/3593113.jpg",
    "price": 3.9,
    "quantity": 0.24,
    "unitPrice": 16.3
  },
  {
    "name": "Frozen 4 Quinoa & Brown Rice Protein Burgers",
    "url": "https://www.coles.com.au/product/fry's-frozen-4-quinoa-&-brown-rice-protein-burgers-320g-2750089",
    "img": "https://productimages.coles.com.au/productimages/2/2750089.jpg",
    "price": 5.2,
    "quantity": 0.32,
    "unitPrice": 16.3
  },
  {
    "name": "Swedish Style Meatless Meatballs",
    "url": "https://www.coles.com.au/product/quorn-swedish-style-meatless-meatballs-300g-3956716",
    "img": "https://productimages.coles.com.au/productimages/3/3956716.jpg",
    "price": 4.9,
    "quantity": 0.3,
    "unitPrice": 16.3
  },
  {
    "name": "Meat Free Pieces",
    "url": "https://www.coles.com.au/product/quorn-meat-free-pieces-300g-7643042",
    "img": "https://productimages.coles.com.au/productimages/7/7643042.jpg",
    "price": 4.9,
    "quantity": 0.3,
    "unitPrice": 16.3
  },
  {
    "name": "Meat Free Mince",
    "url": "https://www.coles.com.au/product/quorn-meat-free-mince-300g-7643064",
    "img": "https://productimages.coles.com.au/productimages/7/7643064.jpg",
    "price": 4.9,
    "quantity": 0.3,
    "unitPrice": 16.3
  },
  {
    "name": "Adlyes Adleys Honey Nothing But Honey",
    "url": "https://www.woolworths.com.au/shop/productdetails/805353",
    "img": "https://cdn0.woolworths.media/content/wowproductimages/medium/805353.jpg",
    "price": 8.15,
    "quantity": 0.5,
    "unitPrice": 16.3
  },
  {
    "name": "Frank's Redhot Original Thick Hot Sauce",
    "url": "https://www.woolworths.com.au/shop/productdetails/169542",
    "img": "https://cdn0.woolworths.media/content/wowproductimages/medium/169542.jpg",
    "price": 6,
    "quantity": 0.368,
    "unitPrice": 16.3
  },
  {
    "name": "Mutti Vegan Bolognese Pasta Sauce",
    "url": "https://www.woolworths.com.au/shop/productdetails/280443",
    "img": "https://cdn0.woolworths.media/content/wowproductimages/medium/280443.jpg",
    "price": 6.5,
    "quantity": 0.4,
    "unitPrice": 16.3
  },
  {
    "name": "Betty Crocker Vanilla Gluten Free Frosting",
    "url": "https://www.woolworths.com.au/shop/productdetails/680971",
    "img": "https://cdn0.woolworths.media/content/wowproductimages/medium/680971.jpg",
    "price": 6.5,
    "quantity": 0.4,
    "unitPrice": 16.3
  },
  {
    "name": "Betty Crocker Chocolate Gluten Free Frosting",
    "url": "https://www.woolworths.com.au/shop/productdetails/680956",
    "img": "https://cdn0.woolworths.media/content/wowproductimages/medium/680956.jpg",
    "price": 6.5,
    "quantity": 0.4,
    "unitPrice": 16.3
  },
  {
    "name": "Betty Crocker Strawberry Gluten Free Frosting",
    "url": "https://www.woolworths.com.au/shop/productdetails/680973",
    "img": "https://cdn0.woolworths.media/content/wowproductimages/medium/680973.jpg",
    "price": 6.5,
    "quantity": 0.4,
    "unitPrice": 16.3
  },
  {
    "name": "Betty Crocker Chocolate Fudge Gluten Free Frosting",
    "url": "https://www.woolworths.com.au/shop/productdetails/680970",
    "img": "https://cdn0.woolworths.media/content/wowproductimages/medium/680970.jpg",
    "price": 6.5,
    "quantity": 0.4,
    "unitPrice": 16.3
  },
  {
    "name": "Meat Free Chicken Stars & Moons",
    "url": "https://www.coles.com.au/product/frys-meat-free-chicken-stars-&-moons-300g-5151025",
    "img": "https://productimages.coles.com.au/productimages/5/5151025.jpg",
    "price": 4.9,
    "quantity": 0.3,
    "unitPrice": 16.33
  },
  {
    "name": "Perfection Kumato Tomato Punnet",
    "url": "https://www.woolworths.com.au/shop/productdetails/663649",
    "img": "https://cdn0.woolworths.media/content/wowproductimages/medium/663649.jpg",
    "price": 4.9,
    "quantity": 0.3,
    "unitPrice": 16.33
  },
  {
    "name": "Choice Fruit & Nut Mix",
    "url": "https://www.coles.com.au/product/market-lane-choice-fruit-&-nut-mix-1100g-5615589",
    "img": "https://productimages.coles.com.au/productimages/5/5615589.jpg",
    "price": 18,
    "quantity": 1.1,
    "unitPrice": 16.36
  },
  {
    "name": "Choice Fruit & Nut Mix",
    "url": "https://www.coles.com.au/product/market-lane-choice-fruit-&-nut-mix-1100g-5615589",
    "img": "https://productimages.coles.com.au/productimages/5/5615589.jpg",
    "price": 18,
    "quantity": 1.1,
    "unitPrice": 16.36
  },
  {
    "name": "Organic Eggs 12 pack",
    "url": "https://www.coles.com.au/product/sunny-queen-organic-eggs-12-pack-700g-4228838",
    "img": "https://productimages.coles.com.au/productimages/4/4228838.jpg",
    "price": 11.5,
    "quantity": 0.7,
    "unitPrice": 16.4
  },
  {
    "name": "Milo Protein Breakfast Cereal",
    "url": "https://www.coles.com.au/product/nestle-milo-protein-breakfast-cereal-535g-7019313",
    "img": "https://productimages.coles.com.au/productimages/7/7019313.jpg",
    "price": 8.8,
    "quantity": 0.535,
    "unitPrice": 16.4
  },
  {
    "name": "Cream Cheese Spread Light",
    "url": "https://www.coles.com.au/product/bega-cream-cheese-spread-light-250g-1744830",
    "img": "https://productimages.coles.com.au/productimages/1/1744830.jpg",
    "price": 4.1,
    "quantity": 0.25,
    "unitPrice": 16.4
  },
  {
    "name": "Cream Cheese Spread Bold",
    "url": "https://www.coles.com.au/product/bega-cream-cheese-spread-bold-250g-1744841",
    "img": "https://productimages.coles.com.au/productimages/1/1744841.jpg",
    "price": 4.1,
    "quantity": 0.25,
    "unitPrice": 16.4
  },
  {
    "name": "Original Cream Cheese Spread",
    "url": "https://www.coles.com.au/product/bega-original-cream-cheese-spread-250g-1744852",
    "img": "https://productimages.coles.com.au/productimages/1/1744852.jpg",
    "price": 4.1,
    "quantity": 0.25,
    "unitPrice": 16.4
  },
  {
    "name": "Bee Cause 100% Australian Bush Honey Squeeze",
    "url": "https://www.coles.com.au/product/beechworth-bee-cause-100%-australian-bush-honey-squeeze-700g-6943721",
    "img": "https://productimages.coles.com.au/productimages/6/6943721.jpg",
    "price": 11.5,
    "quantity": 0.7,
    "unitPrice": 16.4
  },
  {
    "name": "Cream Cheese Spread Light",
    "url": "https://www.coles.com.au/product/bega-cream-cheese-spread-light-250g-1744830",
    "img": "https://productimages.coles.com.au/productimages/1/1744830.jpg",
    "price": 4.1,
    "quantity": 0.25,
    "unitPrice": 16.4
  },
  {
    "name": "Whole Egg Mayonnaise",
    "url": "https://www.coles.com.au/product/praise-whole-egg-mayonnaise-335g-5296593",
    "img": "https://productimages.coles.com.au/productimages/5/5296593.jpg",
    "price": 5.5,
    "quantity": 0.335,
    "unitPrice": 16.4
  },
  {
    "name": "Nestle Milo Protein Cereal",
    "url": "https://www.woolworths.com.au/shop/productdetails/387014",
    "img": "https://cdn0.woolworths.media/content/wowproductimages/medium/387014.jpg",
    "price": 8.8,
    "quantity": 0.535,
    "unitPrice": 16.4
  },
  {
    "name": "Bega Cream Cheese Spread Spread",
    "url": "https://www.woolworths.com.au/shop/productdetails/781650",
    "img": "https://cdn0.woolworths.media/content/wowproductimages/medium/781650.jpg",
    "price": 4.1,
    "quantity": 0.25,
    "unitPrice": 16.4
  },
  {
    "name": "Bega Cream Cheese Spread Bold",
    "url": "https://www.woolworths.com.au/shop/productdetails/781661",
    "img": "https://cdn0.woolworths.media/content/wowproductimages/medium/781661.jpg",
    "price": 4.1,
    "quantity": 0.25,
    "unitPrice": 16.4
  },
  {
    "name": "Ghirardelli Premium Chocolate Brownie Mix 3.41kg",
    "url": "https://www.woolworths.com.au/shop/productdetails/1074032808",
    "img": "https://cdn0.woolworths.media/content/wowproductimages/medium/1074032808.jpg",
    "price": 55.99,
    "quantity": 3.41,
    "unitPrice": 16.4
  },
  {
    "name": "Salmon Pink",
    "url": "https://www.coles.com.au/product/coles-salmon-pink-210g-8675066",
    "img": "https://productimages.coles.com.au/productimages/8/8675066.jpg",
    "price": 3.45,
    "quantity": 0.21,
    "unitPrice": 16.43
  },
  {
    "name": "Woolworths Pink Salmon",
    "url": "https://www.woolworths.com.au/shop/productdetails/220696",
    "img": "https://cdn0.woolworths.media/content/wowproductimages/medium/220696.jpg",
    "price": 3.45,
    "quantity": 0.21,
    "unitPrice": 16.43
  },
  {
    "name": "Asparagus Springwater",
    "url": "https://www.coles.com.au/product/always-fresh-asparagus-springwater-340g-4692314",
    "img": "https://productimages.coles.com.au/productimages/4/4692314.jpg",
    "price": 5.6,
    "quantity": 0.34,
    "unitPrice": 16.47
  },
  {
    "name": "Asparagus Springwater",
    "url": "https://www.coles.com.au/product/always-fresh-asparagus-springwater-340g-4692314",
    "img": "https://productimages.coles.com.au/productimages/4/4692314.jpg",
    "price": 5.6,
    "quantity": 0.34,
    "unitPrice": 16.47
  },
  {
    "name": "Lactose Free Yoghurt Vanilla",
    "url": "https://www.coles.com.au/product/jalna-lactose-free-yoghurt-vanilla-170g-3537280",
    "img": "https://productimages.coles.com.au/productimages/3/3537280.jpg",
    "price": 2.8,
    "quantity": 0.17,
    "unitPrice": 16.5
  },
  {
    "name": "Lactose Free Yoghurt Strawberry",
    "url": "https://www.coles.com.au/product/jalna-lactose-free-yoghurt-strawberry-170g-3537291",
    "img": "https://productimages.coles.com.au/productimages/3/3537291.jpg",
    "price": 2.8,
    "quantity": 0.17,
    "unitPrice": 16.5
  },
  {
    "name": "Greek Yoghurt Lactose Free",
    "url": "https://www.coles.com.au/product/jalna-greek-yoghurt-lactose-free-170g-5939570",
    "img": "https://productimages.coles.com.au/productimages/5/5939570.jpg",
    "price": 2.8,
    "quantity": 0.17,
    "unitPrice": 16.5
  },
  {
    "name": "Supreme Chicken Breast From The Deli",
    "url": "https://www.coles.com.au/product/thomson's-deli-supreme-chicken-breast-from-the-deli-approx.-100g-4658349",
    "img": "https://productimages.coles.com.au/productimages/4/4658349.jpg",
    "price": 1.65,
    "quantity": 0.1,
    "unitPrice": 16.5
  },
  {
    "name": "Pista & Almond Biscuits",
    "url": "https://www.coles.com.au/product/good-day-pista-&-almond-biscuits-231g-2235796",
    "img": "https://productimages.coles.com.au/productimages/2/2235796.jpg",
    "price": 3.8,
    "quantity": 0.231,
    "unitPrice": 16.5
  },
  {
    "name": "Delicate Korma Curry",
    "url": "https://www.coles.com.au/product/the-spice-tailor-delicate-korma-curry-300g-1330168",
    "img": "https://productimages.coles.com.au/productimages/1/1330168.jpg",
    "price": 4.95,
    "quantity": 0.3,
    "unitPrice": 16.5
  },
  {
    "name": "Rustic Rogan Josh",
    "url": "https://www.coles.com.au/product/the-spice-tailor-rustic-rogan-josh-300g-1330180",
    "img": "https://productimages.coles.com.au/productimages/1/1330180.jpg",
    "price": 4.95,
    "quantity": 0.3,
    "unitPrice": 16.5
  },
  {
    "name": "Original Tikka Masala",
    "url": "https://www.coles.com.au/product/the-spice-tailor-original-tikka-masala-300g-1330204",
    "img": "https://productimages.coles.com.au/productimages/1/1330204.jpg",
    "price": 4.95,
    "quantity": 0.3,
    "unitPrice": 16.5
  },
  {
    "name": "Classic Butter Chicken",
    "url": "https://www.coles.com.au/product/the-spice-tailor-classic-butter-chicken-300g-2361190",
    "img": "https://productimages.coles.com.au/productimages/2/2361190.jpg",
    "price": 4.95,
    "quantity": 0.3,
    "unitPrice": 16.5
  },
  {
    "name": "Fiery Goan Curry",
    "url": "https://www.coles.com.au/product/the-spice-tailor-fiery-goan-curry-300g-2361203",
    "img": "https://productimages.coles.com.au/productimages/2/2361203.jpg",
    "price": 4.95,
    "quantity": 0.3,
    "unitPrice": 16.5
  },
  {
    "name": "Hyderabad Red Korma",
    "url": "https://www.coles.com.au/product/the-spice-tailor-hyderabad-red-korma-300g-3299150",
    "img": "https://productimages.coles.com.au/productimages/3/3299150.jpg",
    "price": 4.95,
    "quantity": 0.3,
    "unitPrice": 16.5
  },
  {
    "name": "Mangalore Roasted Coconut",
    "url": "https://www.coles.com.au/product/the-spice-tailor-mangalore-roasted-coconut-300g-3760441",
    "img": "https://productimages.coles.com.au/productimages/3/3760441.jpg",
    "price": 4.95,
    "quantity": 0.3,
    "unitPrice": 16.5
  },
  {
    "name": "Sugar Crackers",
    "url": "https://www.coles.com.au/product/julie's-sugar-crackers-260g-2496949",
    "img": "https://productimages.coles.com.au/productimages/2/2496949.jpg",
    "price": 4.3,
    "quantity": 0.26,
    "unitPrice": 16.5
  },
  {
    "name": "Frozen Filo Pastry 18-20 Sheets",
    "url": "https://www.coles.com.au/product/pampas-frozen-filo-pastry-18-20-sheets-375g-295764",
    "img": "https://productimages.coles.com.au/productimages/2/295764.jpg",
    "price": 6.2,
    "quantity": 0.375,
    "unitPrice": 16.5
  },
  {
    "name": "Frozen Filo Pastry 18-20 Sheets",
    "url": "https://www.coles.com.au/product/pampas-frozen-filo-pastry-18-20-sheets-375g-295764",
    "img": "https://productimages.coles.com.au/productimages/2/295764.jpg",
    "price": 6.2,
    "quantity": 0.375,
    "unitPrice": 16.5
  },
  {
    "name": "RSPCA Approved Chicken Thigh Fillets Small Pack",
    "url": "https://www.coles.com.au/product/coles-rspca-approved-chicken-thigh-fillets-small-pack-approx.-700g-2263317",
    "img": "https://productimages.coles.com.au/productimages/2/2263317.jpg",
    "price": 11.55,
    "quantity": 0.7,
    "unitPrice": 16.5
  },
  {
    "name": "RSPCA Approved Chicken Thigh Fillets Small Pack",
    "url": "https://www.coles.com.au/product/coles-rspca-approved-chicken-thigh-fillets-small-pack-approx.-700g-2263317",
    "img": "https://productimages.coles.com.au/productimages/2/2263317.jpg",
    "price": 11.55,
    "quantity": 0.7,
    "unitPrice": 16.5
  },
  {
    "name": "Devondale Full Cream Milk Powder",
    "url": "https://www.woolworths.com.au/shop/productdetails/750005",
    "img": "https://cdn0.woolworths.media/content/wowproductimages/medium/750005.jpg",
    "price": 16.5,
    "quantity": 1,
    "unitPrice": 16.5
  },
  {
    "name": "Always Fresh Asparagus In Springwater",
    "url": "https://www.woolworths.com.au/shop/productdetails/192826",
    "img": "https://cdn0.woolworths.media/content/wowproductimages/medium/192826.jpg",
    "price": 5.6,
    "quantity": 0.34,
    "unitPrice": 16.5
  },
  {
    "name": "Always Fresh Asparagus In Springwater",
    "url": "https://www.woolworths.com.au/shop/productdetails/192826",
    "img": "https://cdn0.woolworths.media/content/wowproductimages/medium/192826.jpg",
    "price": 5.6,
    "quantity": 0.34,
    "unitPrice": 16.5
  },
  {
    "name": "Mokshaa Australian Mustard Oil 2 L",
    "url": "https://www.woolworths.com.au/shop/productdetails/1074662393",
    "img": "https://cdn0.woolworths.media/content/wowproductimages/medium/1074662393.jpg",
    "price": 32.99,
    "quantity": 2,
    "unitPrice": 16.5
  },
  {
    "name": "Ocean Chef Marinara Seafood Mix",
    "url": "https://www.woolworths.com.au/shop/productdetails/254893",
    "img": "https://cdn0.woolworths.media/content/wowproductimages/medium/254893.jpg",
    "price": 16.5,
    "quantity": 1,
    "unitPrice": 16.5
  },
  {
    "name": "Devondale Full Cream Milk Powder",
    "url": "https://www.woolworths.com.au/shop/productdetails/750005",
    "img": "https://cdn0.woolworths.media/content/wowproductimages/medium/750005.jpg",
    "price": 16.5,
    "quantity": 1,
    "unitPrice": 16.5
  },
  {
    "name": "Chobani Fit Vanilla High Protein Greek Yogurt",
    "url": "https://www.woolworths.com.au/shop/productdetails/695986",
    "img": "https://cdn0.woolworths.media/content/wowproductimages/medium/695986.jpg",
    "price": 2.8,
    "quantity": 0.17,
    "unitPrice": 16.5
  },
  {
    "name": "Chobani Fit Strawberry High Protein Greek Yogurt",
    "url": "https://www.woolworths.com.au/shop/productdetails/689462",
    "img": "https://cdn0.woolworths.media/content/wowproductimages/medium/689462.jpg",
    "price": 2.8,
    "quantity": 0.17,
    "unitPrice": 16.5
  },
  {
    "name": "Chobani Fit Passion Fruit High Protein Greek Yogurt",
    "url": "https://www.woolworths.com.au/shop/productdetails/689463",
    "img": "https://cdn0.woolworths.media/content/wowproductimages/medium/689463.jpg",
    "price": 2.8,
    "quantity": 0.17,
    "unitPrice": 16.5
  },
  {
    "name": "Chobani Fit Tropical High Protein Greek Yogurt",
    "url": "https://www.woolworths.com.au/shop/productdetails/169767",
    "img": "https://cdn0.woolworths.media/content/wowproductimages/medium/169767.jpg",
    "price": 2.8,
    "quantity": 0.17,
    "unitPrice": 16.5
  },
  {
    "name": "Jalna Lactose Free Greek Yogurt",
    "url": "https://www.woolworths.com.au/shop/productdetails/244303",
    "img": "https://cdn0.woolworths.media/content/wowproductimages/medium/244303.jpg",
    "price": 2.8,
    "quantity": 0.17,
    "unitPrice": 16.5
  },
  {
    "name": "Jalna Greek+ Probiotics Yoghurt",
    "url": "https://www.woolworths.com.au/shop/productdetails/276699",
    "img": "https://cdn0.woolworths.media/content/wowproductimages/medium/276699.jpg",
    "price": 2.8,
    "quantity": 0.17,
    "unitPrice": 16.5
  },
  {
    "name": "Australian Currants",
    "url": "https://www.coles.com.au/product/coles-australian-currants-375g-2749396",
    "img": "https://productimages.coles.com.au/productimages/2/2749396.jpg",
    "price": 6.2,
    "quantity": 0.375,
    "unitPrice": 16.53
  },
  {
    "name": "Woolworths Sweet Baby Vine Capsicum",
    "url": "https://www.woolworths.com.au/shop/productdetails/105134",
    "img": "https://cdn0.woolworths.media/content/wowproductimages/medium/105134.jpg",
    "price": 2.9,
    "quantity": 0.175,
    "unitPrice": 16.57
  },
  {
    "name": "Pantene Shampoo or Conditioner",
    "url": "https://www.aldi.com.au/en/groceries/super-savers/super-savers-detail/ps/p/pantene-shampoo-or-conditioner-300ml-3/",
    "img": "https://www.aldi.com.au/fileadmin/_processed_/9/8/csm_1002494_1x1_OCT-B1_228x128__10_RET_167addb718.png",
    "price": 4.99,
    "quantity": 0.3,
    "unitPrice": 16.6
  },
  {
    "name": "Indonesian Crab & Corn Soup",
    "url": "https://www.coles.com.au/product/dari's-indonesian-crab-&-corn-soup-600g-6257575",
    "img": "https://productimages.coles.com.au/productimages/6/6257575.jpg",
    "price": 9.95,
    "quantity": 0.6,
    "unitPrice": 16.6
  },
  {
    "name": "Asian Chicken Soup",
    "url": "https://www.coles.com.au/product/dari's-asian-chicken-soup-600g-6257622",
    "img": "https://productimages.coles.com.au/productimages/6/6257622.jpg",
    "price": 9.95,
    "quantity": 0.6,
    "unitPrice": 16.6
  },
  {
    "name": "Moroccan Harira Soup",
    "url": "https://www.coles.com.au/product/dari's-moroccan-harira-soup-600g-6257644",
    "img": "https://productimages.coles.com.au/productimages/6/6257644.jpg",
    "price": 9.95,
    "quantity": 0.6,
    "unitPrice": 16.6
  },
  {
    "name": "Thai Prawn Soup",
    "url": "https://www.coles.com.au/product/dari's-thai-prawn-soup-600g-6257655",
    "img": "https://productimages.coles.com.au/productimages/6/6257655.jpg",
    "price": 9.95,
    "quantity": 0.6,
    "unitPrice": 16.6
  },
  {
    "name": "Basilico Pasta Sauce",
    "url": "https://www.coles.com.au/product/fragassi-basilico-pasta-sauce-500g-3775813",
    "img": "https://productimages.coles.com.au/productimages/3/3775813.jpg",
    "price": 8.3,
    "quantity": 0.5,
    "unitPrice": 16.6
  },
  {
    "name": "Arrabbiata Pasta Sauce",
    "url": "https://www.coles.com.au/product/fragassi-arrabbiata-pasta-sauce-500g-3776102",
    "img": "https://productimages.coles.com.au/productimages/3/3776102.jpg",
    "price": 8.3,
    "quantity": 0.5,
    "unitPrice": 16.6
  },
  {
    "name": "Basilico Pasta Sauce",
    "url": "https://www.coles.com.au/product/fragassi-basilico-pasta-sauce-500g-3775813",
    "img": "https://productimages.coles.com.au/productimages/3/3775813.jpg",
    "price": 8.3,
    "quantity": 0.5,
    "unitPrice": 16.6
  },
  {
    "name": "Arrabbiata Pasta Sauce",
    "url": "https://www.coles.com.au/product/fragassi-arrabbiata-pasta-sauce-500g-3776102",
    "img": "https://productimages.coles.com.au/productimages/3/3776102.jpg",
    "price": 8.3,
    "quantity": 0.5,
    "unitPrice": 16.6
  },
  {
    "name": "Ready Sauce Lemon Chicken",
    "url": "https://www.coles.com.au/product/lee-kum-kee-ready-sauce-lemon-chicken-145g-8104564",
    "img": "https://productimages.coles.com.au/productimages/8/8104564.jpg",
    "price": 2.4,
    "quantity": 0.145,
    "unitPrice": 16.6
  },
  {
    "name": "Vegemite Squeezy",
    "url": "https://www.woolworths.com.au/shop/productdetails/105557",
    "img": "https://cdn0.woolworths.media/content/wowproductimages/medium/105557.jpg",
    "price": 5.8,
    "quantity": 0.35,
    "unitPrice": 16.6
  },
  {
    "name": "Lee Kum Kee Ready Sauce Kung Pao Chicken",
    "url": "https://www.woolworths.com.au/shop/productdetails/373985",
    "img": "https://cdn0.woolworths.media/content/wowproductimages/medium/373985.jpg",
    "price": 2.4,
    "quantity": 0.145,
    "unitPrice": 16.6
  },
  {
    "name": "Spinach And Kale",
    "url": "https://www.coles.com.au/product/coles-spinach-and-kale-300g-3613120",
    "img": "https://productimages.coles.com.au/productimages/3/3613120.jpg",
    "price": 5,
    "quantity": 0.3,
    "unitPrice": 16.67
  },
  {
    "name": "Australian Salad Family Baby Leaf Blend",
    "url": "https://www.coles.com.au/product/coles-australian-salad-family-baby-leaf-blend-300g-8647548",
    "img": "https://productimages.coles.com.au/productimages/8/8647548.jpg",
    "price": 5,
    "quantity": 0.3,
    "unitPrice": 16.67
  },
  {
    "name": "4 Leaf Salad Mix",
    "url": "https://www.coles.com.au/product/coles-4-leaf-salad-mix-120g-6885716",
    "img": "https://productimages.coles.com.au/productimages/6/6885716.jpg",
    "price": 2,
    "quantity": 0.12,
    "unitPrice": 16.67
  },
  {
    "name": "Spinach And Kale",
    "url": "https://www.coles.com.au/product/coles-spinach-and-kale-300g-3613120",
    "img": "https://productimages.coles.com.au/productimages/3/3613120.jpg",
    "price": 5,
    "quantity": 0.3,
    "unitPrice": 16.67
  },
  {
    "name": "Australian Salad Family Baby Leaf Blend",
    "url": "https://www.coles.com.au/product/coles-australian-salad-family-baby-leaf-blend-300g-8647548",
    "img": "https://productimages.coles.com.au/productimages/8/8647548.jpg",
    "price": 5,
    "quantity": 0.3,
    "unitPrice": 16.67
  },
  {
    "name": "4 Leaf Salad Mix",
    "url": "https://www.coles.com.au/product/coles-4-leaf-salad-mix-120g-6885716",
    "img": "https://productimages.coles.com.au/productimages/6/6885716.jpg",
    "price": 2,
    "quantity": 0.12,
    "unitPrice": 16.67
  },
  {
    "name": "Regular Cheese Slices 36 Pack",
    "url": "https://www.coles.com.au/product/dairylea-regular-cheese-slices-36-pack-648g-5185821",
    "img": "https://productimages.coles.com.au/productimages/5/5185821.jpg",
    "price": 10.8,
    "quantity": 0.648,
    "unitPrice": 16.67
  },
  {
    "name": "Perfect Bakes",
    "url": "https://www.coles.com.au/product/perfect-italiano-perfect-bakes-450g-1436737",
    "img": "https://productimages.coles.com.au/productimages/1/1436737.jpg",
    "price": 7.5,
    "quantity": 0.45,
    "unitPrice": 16.67
  },
  {
    "name": "Mexican Cheese Blend Grated",
    "url": "https://www.coles.com.au/product/perfect-italiano-mexican-cheese-blend-grated-450g-4383740",
    "img": "https://productimages.coles.com.au/productimages/4/4383740.jpg",
    "price": 7.5,
    "quantity": 0.45,
    "unitPrice": 16.67
  },
  {
    "name": "Perfect Pizza Grated Cheese",
    "url": "https://www.coles.com.au/product/perfect-italiano-perfect-pizza-grated-cheese-450g-5723490",
    "img": "https://productimages.coles.com.au/productimages/5/5723490.jpg",
    "price": 7.5,
    "quantity": 0.45,
    "unitPrice": 16.67
  },
  {
    "name": "Dairy Cheese Grated Mozzarella:Mozzarella",
    "url": "https://www.coles.com.au/product/perfect-italiano-dairy-cheese-grated-mozzarella:mozzarella-450g-63816",
    "img": "https://productimages.coles.com.au/productimages/6/63816.jpg",
    "price": 7.5,
    "quantity": 0.45,
    "unitPrice": 16.67
  },
  {
    "name": "4 Cheese Melt",
    "url": "https://www.coles.com.au/product/perfect-italiano-4-cheese-melt-450g-7602067",
    "img": "https://productimages.coles.com.au/productimages/7/7602067.jpg",
    "price": 7.5,
    "quantity": 0.45,
    "unitPrice": 16.67
  },
  {
    "name": "Glace Cherries",
    "url": "https://www.coles.com.au/product/coles-glace-cherries-150g-2791199",
    "img": "https://productimages.coles.com.au/productimages/2/2791199.jpg",
    "price": 2.5,
    "quantity": 0.15,
    "unitPrice": 16.67
  },
  {
    "name": "Black Sesame Seeds",
    "url": "https://www.coles.com.au/product/coles-black-sesame-seeds-150g-3834264",
    "img": "https://productimages.coles.com.au/productimages/3/3834264.jpg",
    "price": 2.5,
    "quantity": 0.15,
    "unitPrice": 16.67
  },
  {
    "name": "Beef Goulash",
    "url": "https://www.coles.com.au/product/podravka-beef-goulash-300g-6331496",
    "img": "https://productimages.coles.com.au/productimages/6/6331496.jpg",
    "price": 5,
    "quantity": 0.3,
    "unitPrice": 16.67
  },
  {
    "name": "Beef Goulash",
    "url": "https://www.coles.com.au/product/podravka-beef-goulash-300g-6331496",
    "img": "https://productimages.coles.com.au/productimages/6/6331496.jpg",
    "price": 5,
    "quantity": 0.3,
    "unitPrice": 16.67
  },
  {
    "name": "Red Cocktail Onions",
    "url": "https://www.coles.com.au/product/aristocrat-red-cocktail-onions-150g-156688",
    "img": "https://productimages.coles.com.au/productimages/1/156688.jpg",
    "price": 2.5,
    "quantity": 0.15,
    "unitPrice": 16.67
  },
  {
    "name": "Aioli",
    "url": "https://www.coles.com.au/product/coles-aioli-150g-5432046",
    "img": "https://productimages.coles.com.au/productimages/5/5432046.jpg",
    "price": 2.5,
    "quantity": 0.15,
    "unitPrice": 16.67
  },
  {
    "name": "Roasted Peppers Whole",
    "url": "https://www.coles.com.au/product/always-fresh-roasted-peppers-whole-330g-2747696",
    "img": "https://productimages.coles.com.au/productimages/2/2747696.jpg",
    "price": 5.5,
    "quantity": 0.33,
    "unitPrice": 16.67
  },
  {
    "name": "Sweet Corn Veggie Bites",
    "url": "https://www.coles.com.au/product/birds-eye-sweet-corn-veggie-bites-300g-5086579",
    "img": "https://productimages.coles.com.au/productimages/5/5086579.jpg",
    "price": 5,
    "quantity": 0.3,
    "unitPrice": 16.67
  },
  {
    "name": "Sweet Potato Veggie Bites",
    "url": "https://www.coles.com.au/product/birds-eye-sweet-potato-veggie-bites-300g-5086580",
    "img": "https://productimages.coles.com.au/productimages/5/5086580.jpg",
    "price": 5,
    "quantity": 0.3,
    "unitPrice": 16.67
  },
  {
    "name": "Frozen Crunchy Crumb Fish Cakes 6 pack",
    "url": "https://www.coles.com.au/product/birds-eye-frozen-crunchy-crumb-fish-cakes-6-pack-300g-5146896",
    "img": "https://productimages.coles.com.au/productimages/5/5146896.jpg",
    "price": 5,
    "quantity": 0.3,
    "unitPrice": 16.67
  },
  {
    "name": "Classic Crumb Whiting Fillets",
    "url": "https://www.coles.com.au/product/kb's-classic-crumb-whiting-fillets-450g-5018127",
    "img": "https://productimages.coles.com.au/productimages/5/5018127.jpg",
    "price": 7.5,
    "quantity": 0.45,
    "unitPrice": 16.67
  },
  {
    "name": "Tempura Battered Whiting Fillets",
    "url": "https://www.coles.com.au/product/kb's-tempura-battered-whiting-fillets-450g-5018150",
    "img": "https://productimages.coles.com.au/productimages/5/5018150.jpg",
    "price": 7.5,
    "quantity": 0.45,
    "unitPrice": 16.67
  },
  {
    "name": "Frozen Salmon Cakes With Vegetables & Herbs 6 Pack",
    "url": "https://www.coles.com.au/product/birds-eye-frozen-salmon-cakes-with-vegetables-&-herbs-6-pack-480g-4344963",
    "img": "https://productimages.coles.com.au/productimages/4/4344963.jpg",
    "price": 8,
    "quantity": 0.48,
    "unitPrice": 16.67
  },
  {
    "name": "Sweet Corn Veggie Bites",
    "url": "https://www.coles.com.au/product/birds-eye-sweet-corn-veggie-bites-300g-5086579",
    "img": "https://productimages.coles.com.au/productimages/5/5086579.jpg",
    "price": 5,
    "quantity": 0.3,
    "unitPrice": 16.67
  },
  {
    "name": "Sweet Potato Veggie Bites",
    "url": "https://www.coles.com.au/product/birds-eye-sweet-potato-veggie-bites-300g-5086580",
    "img": "https://productimages.coles.com.au/productimages/5/5086580.jpg",
    "price": 5,
    "quantity": 0.3,
    "unitPrice": 16.67
  },
  {
    "name": "Frozen Crunchy Crumb Fish Cakes 6 pack",
    "url": "https://www.coles.com.au/product/birds-eye-frozen-crunchy-crumb-fish-cakes-6-pack-300g-5146896",
    "img": "https://productimages.coles.com.au/productimages/5/5146896.jpg",
    "price": 5,
    "quantity": 0.3,
    "unitPrice": 16.67
  },
  {
    "name": "Classic Crumb Whiting Fillets",
    "url": "https://www.coles.com.au/product/kb's-classic-crumb-whiting-fillets-450g-5018127",
    "img": "https://productimages.coles.com.au/productimages/5/5018127.jpg",
    "price": 7.5,
    "quantity": 0.45,
    "unitPrice": 16.67
  },
  {
    "name": "Tempura Battered Whiting Fillets",
    "url": "https://www.coles.com.au/product/kb's-tempura-battered-whiting-fillets-450g-5018150",
    "img": "https://productimages.coles.com.au/productimages/5/5018150.jpg",
    "price": 7.5,
    "quantity": 0.45,
    "unitPrice": 16.67
  },
  {
    "name": "Frozen Salmon Cakes With Vegetables & Herbs 6 Pack",
    "url": "https://www.coles.com.au/product/birds-eye-frozen-salmon-cakes-with-vegetables-&-herbs-6-pack-480g-4344963",
    "img": "https://productimages.coles.com.au/productimages/4/4344963.jpg",
    "price": 8,
    "quantity": 0.48,
    "unitPrice": 16.67
  },
  {
    "name": "Chicken Free Chicken Wild Meaty Chunks",
    "url": "https://www.coles.com.au/product/sunfed-chicken-free-chicken-wild-meaty-chunks-300g-3505422",
    "img": "https://productimages.coles.com.au/productimages/3/3505422.jpg",
    "price": 5,
    "quantity": 0.3,
    "unitPrice": 16.67
  },
  {
    "name": "RSPCA Approved Chicken Hot Wings Nashville",
    "url": "https://www.coles.com.au/product/coles-rspca-approved-chicken-hot-wings-nashville-600g-3175587",
    "img": "https://productimages.coles.com.au/productimages/3/3175587.jpg",
    "price": 10,
    "quantity": 0.6,
    "unitPrice": 16.67
  },
  {
    "name": "Chicken Free Chicken Wild Meaty Chunks",
    "url": "https://www.coles.com.au/product/sunfed-chicken-free-chicken-wild-meaty-chunks-300g-3505422",
    "img": "https://productimages.coles.com.au/productimages/3/3505422.jpg",
    "price": 5,
    "quantity": 0.3,
    "unitPrice": 16.67
  },
  {
    "name": "RSPCA Approved Chicken Hot Wings Nashville",
    "url": "https://www.coles.com.au/product/coles-rspca-approved-chicken-hot-wings-nashville-600g-3175587",
    "img": "https://productimages.coles.com.au/productimages/3/3175587.jpg",
    "price": 10,
    "quantity": 0.6,
    "unitPrice": 16.67
  },
  {
    "name": "Oob Frozen Sliced Banana Organic",
    "url": "https://www.woolworths.com.au/shop/productdetails/533682",
    "img": "https://cdn0.woolworths.media/content/wowproductimages/medium/533682.jpg",
    "price": 7.5,
    "quantity": 0.45,
    "unitPrice": 16.67
  },
  {
    "name": "Just Cook Onion Rings",
    "url": "https://www.woolworths.com.au/shop/productdetails/386073",
    "img": "https://cdn0.woolworths.media/content/wowproductimages/medium/386073.jpg",
    "price": 10,
    "quantity": 0.6,
    "unitPrice": 16.67
  },
  {
    "name": "Woolworths Baby Spinach & Kale",
    "url": "https://www.woolworths.com.au/shop/productdetails/54901",
    "img": "https://cdn0.woolworths.media/content/wowproductimages/medium/054901.jpg",
    "price": 5,
    "quantity": 0.3,
    "unitPrice": 16.67
  },
  {
    "name": "Woolworths Scotch Fillet Pork",
    "url": "https://www.woolworths.com.au/shop/productdetails/675492",
    "img": "https://cdn0.woolworths.media/content/wowproductimages/medium/675492.jpg",
    "price": 10,
    "quantity": 0.6,
    "unitPrice": 16.67
  },
  {
    "name": "Milo Energy Dairy Snack",
    "url": "https://www.coles.com.au/product/nestle-milo-energy-dairy-snack-150g-3116078",
    "img": "https://productimages.coles.com.au/productimages/3/3116078.jpg",
    "price": 2.5,
    "quantity": 0.15,
    "unitPrice": 16.7
  },
  {
    "name": "Oat Yogurt Strawberry",
    "url": "https://www.coles.com.au/product/chobani-oat-yogurt-strawberry-150g-5306314",
    "img": "https://productimages.coles.com.au/productimages/5/5306314.jpg",
    "price": 2.5,
    "quantity": 0.15,
    "unitPrice": 16.7
  },
  {
    "name": "Oat Yogurt Mango",
    "url": "https://www.coles.com.au/product/chobani-oat-yogurt-mango-150g-5309232",
    "img": "https://productimages.coles.com.au/productimages/5/5309232.jpg",
    "price": 2.5,
    "quantity": 0.15,
    "unitPrice": 16.7
  },
  {
    "name": "Nature's Kitchen Tempeh",
    "url": "https://www.coles.com.au/product/coles-nature's-kitchen-tempeh-300g-3655119",
    "img": "https://productimages.coles.com.au/productimages/3/3655119.jpg",
    "price": 5,
    "quantity": 0.3,
    "unitPrice": 16.7
  },
  {
    "name": "Perform Build Bolognese Sauce",
    "url": "https://www.coles.com.au/product/coles-perform-build-bolognese-sauce-300g-6012636",
    "img": "https://productimages.coles.com.au/productimages/6/6012636.jpg",
    "price": 5,
    "quantity": 0.3,
    "unitPrice": 16.7
  },
  {
    "name": "Perform Pasta Chicken",
    "url": "https://www.coles.com.au/product/coles-perform-pasta-chicken-360g-5578584",
    "img": "https://productimages.coles.com.au/productimages/5/5578584.jpg",
    "price": 6,
    "quantity": 0.36,
    "unitPrice": 16.7
  },
  {
    "name": "Perform Pasta Veg",
    "url": "https://www.coles.com.au/product/coles-perform-pasta-veg-360g-5578610",
    "img": "https://productimages.coles.com.au/productimages/5/5578610.jpg",
    "price": 6,
    "quantity": 0.36,
    "unitPrice": 16.7
  },
  {
    "name": "Organic Free Range Eggs 12 Pack",
    "url": "https://www.coles.com.au/product/coles-organic-free-range-eggs-12-pack-600g-3169697",
    "img": "https://productimages.coles.com.au/productimages/3/3169697.jpg",
    "price": 10,
    "quantity": 0.6,
    "unitPrice": 16.7
  },
  {
    "name": "Cashew Pieces",
    "url": "https://www.coles.com.au/product/coles-cashew-pieces-150g-5466106",
    "img": "https://productimages.coles.com.au/productimages/5/5466106.jpg",
    "price": 2.5,
    "quantity": 0.15,
    "unitPrice": 16.7
  },
  {
    "name": "Bake & Create Chocolate Chunks Milk",
    "url": "https://www.coles.com.au/product/coles-bake-&-create-chocolate-chunks-milk-150g-5980766",
    "img": "https://productimages.coles.com.au/productimages/5/5980766.jpg",
    "price": 2.5,
    "quantity": 0.15,
    "unitPrice": 16.7
  },
  {
    "name": "Plaistowe Baking Milk Chocolate Block",
    "url": "https://www.coles.com.au/product/nestle-plaistowe-baking-milk-chocolate-block-180g-5249221",
    "img": "https://productimages.coles.com.au/productimages/5/5249221.jpg",
    "price": 3,
    "quantity": 0.18,
    "unitPrice": 16.7
  },
  {
    "name": "Plaistowe Baking Dark Chocolate Block",
    "url": "https://www.coles.com.au/product/nestle-plaistowe-baking-dark-chocolate-block-180g-5249232",
    "img": "https://productimages.coles.com.au/productimages/5/5249232.jpg",
    "price": 3,
    "quantity": 0.18,
    "unitPrice": 16.7
  },
  {
    "name": "Plaistowe Baking Chocolate 70% Cocoa Block",
    "url": "https://www.coles.com.au/product/nestle-plaistowe-baking-chocolate-70%-cocoa-block-180g-5249243",
    "img": "https://productimages.coles.com.au/productimages/5/5249243.jpg",
    "price": 3,
    "quantity": 0.18,
    "unitPrice": 16.7
  },
  {
    "name": "Plaistowe Baking White Chocolate Block",
    "url": "https://www.coles.com.au/product/nestle-plaistowe-baking-white-chocolate-block-180g-9536101",
    "img": "https://productimages.coles.com.au/productimages/9/9536101.jpg",
    "price": 3,
    "quantity": 0.18,
    "unitPrice": 16.7
  },
  {
    "name": "Unbelievably Good Pancake Mix",
    "url": "https://www.coles.com.au/product/white-wings-unbelievably-good-pancake-mix-360g-5497336",
    "img": "https://productimages.coles.com.au/productimages/5/5497336.jpg",
    "price": 6,
    "quantity": 0.36,
    "unitPrice": 16.7
  },
  {
    "name": "Special K Lower Sugar Honey Blossom Flavoured Breakfast Cereal",
    "url": "https://www.coles.com.au/product/kellogg's-special-k-lower-sugar-honey-blossom-flavoured-breakfast-cereal-420g-3780744",
    "img": "https://productimages.coles.com.au/productimages/3/3780744.jpg",
    "price": 7,
    "quantity": 0.42,
    "unitPrice": 16.7
  },
  {
    "name": "Taste Of Takeaway Peri Peri Rice Pouch",
    "url": "https://www.coles.com.au/product/ben's-taste-of-takeaway-peri-peri-rice-pouch-240g-4160600",
    "img": "https://productimages.coles.com.au/productimages/4/4160600.jpg",
    "price": 4,
    "quantity": 0.24,
    "unitPrice": 16.7
  },
  {
    "name": "Taste Of Takeaway Peri Peri Rice Pouch",
    "url": "https://www.coles.com.au/product/ben's-taste-of-takeaway-peri-peri-rice-pouch-240g-4160600",
    "img": "https://productimages.coles.com.au/productimages/4/4160600.jpg",
    "price": 4,
    "quantity": 0.24,
    "unitPrice": 16.7
  },
  {
    "name": "Ball Cakes Honey Flavour",
    "url": "https://www.coles.com.au/product/hot-kid-ball-cakes-honey-flavour-210g-4476080",
    "img": "https://productimages.coles.com.au/productimages/4/4476080.jpg",
    "price": 3.5,
    "quantity": 0.21,
    "unitPrice": 16.7
  },
  {
    "name": "Ball Cakes Milk Flavour",
    "url": "https://www.coles.com.au/product/hot-kid-ball-cakes-milk-flavour-210g-4476115",
    "img": "https://productimages.coles.com.au/productimages/4/4476115.jpg",
    "price": 3.5,
    "quantity": 0.21,
    "unitPrice": 16.7
  },
  {
    "name": "Light Soy Sauce",
    "url": "https://www.coles.com.au/product/ayam-light-soy-sauce-210ml-6086520",
    "img": "https://productimages.coles.com.au/productimages/6/6086520.jpg",
    "price": 3.5,
    "quantity": 0.21,
    "unitPrice": 16.7
  },
  {
    "name": "Philippine Style Chinese Noodles",
    "url": "https://www.coles.com.au/product/monika-philippine-style-chinese-noodles-225g-5711593",
    "img": "https://productimages.coles.com.au/productimages/5/5711593.jpg",
    "price": 3.75,
    "quantity": 0.225,
    "unitPrice": 16.7
  },
  {
    "name": "Char Siu Sauce",
    "url": "https://www.coles.com.au/product/lee-kum-kee-char-siu-sauce-240g-5253069",
    "img": "https://productimages.coles.com.au/productimages/5/5253069.jpg",
    "price": 4,
    "quantity": 0.24,
    "unitPrice": 16.7
  },
  {
    "name": "Krackjack Biscuits 5x60g",
    "url": "https://www.coles.com.au/product/parle-krackjack-biscuits-5x60g-300g-4313948",
    "img": "https://productimages.coles.com.au/productimages/4/4313948.jpg",
    "price": 5,
    "quantity": 0.3,
    "unitPrice": 16.7
  },
  {
    "name": "Frozen Healthy Choice Tomato & Bacon Penne",
    "url": "https://www.coles.com.au/product/mccain-frozen-healthy-choice-tomato-&-bacon-penne-300g-3237844",
    "img": "https://productimages.coles.com.au/productimages/3/3237844.jpg",
    "price": 5,
    "quantity": 0.3,
    "unitPrice": 16.7
  },
  {
    "name": "Frozen Healthy Choice Creamy Chicken Carbonara",
    "url": "https://www.coles.com.au/product/mccain-frozen-healthy-choice-creamy-chicken-carbonara-300g-8057078",
    "img": "https://productimages.coles.com.au/productimages/8/8057078.jpg",
    "price": 5,
    "quantity": 0.3,
    "unitPrice": 16.7
  },
  {
    "name": "Mozzarella Bites & Sauce 10 Pack",
    "url": "https://www.coles.com.au/product/coles-mozzarella-bites-&-sauce-10-pack-330g-2481930",
    "img": "https://productimages.coles.com.au/productimages/2/2481930.jpg",
    "price": 5.5,
    "quantity": 0.33,
    "unitPrice": 16.7
  },
  {
    "name": "Napoletana Sauce",
    "url": "https://www.coles.com.au/product/pasta-italia-napoletana-sauce-450g-7034044",
    "img": "https://productimages.coles.com.au/productimages/7/7034044.jpg",
    "price": 7.5,
    "quantity": 0.45,
    "unitPrice": 16.7
  },
  {
    "name": "Boscaiola Sauce",
    "url": "https://www.coles.com.au/product/pasta-italia-boscaiola-sauce-450g-7034077",
    "img": "https://productimages.coles.com.au/productimages/7/7034077.jpg",
    "price": 7.5,
    "quantity": 0.45,
    "unitPrice": 16.7
  },
  {
    "name": "Chicken Parma With Cheesy Chips & Veg",
    "url": "https://www.coles.com.au/product/on-the-menu-chicken-parma-with-cheesy-chips-&-veg-480g-4506114",
    "img": "https://productimages.coles.com.au/productimages/4/4506114.jpg",
    "price": 8,
    "quantity": 0.48,
    "unitPrice": 16.7
  }
]
