[
  {
    "name": "Ocean Chef Squid Salt & Pepper",
    "url": "https://www.woolworths.com.au/shop/productdetails/772577",
    "img": "https://cdn0.woolworths.media/content/wowproductimages/medium/772577.jpg",
    "price": 8,
    "quantity": 0.36,
    "unitPrice": 22.22
  },
  {
    "name": "Woolworths Cook Mixed Green Vegetables & Edamame",
    "url": "https://www.woolworths.com.au/shop/productdetails/79931",
    "img": "https://cdn0.woolworths.media/content/wowproductimages/medium/079931.jpg",
    "price": 5,
    "quantity": 0.225,
    "unitPrice": 22.22
  },
  {
    "name": "Woolworths Lamb Leg Steak",
    "url": "https://www.woolworths.com.au/shop/productdetails/827609",
    "img": "https://cdn0.woolworths.media/content/wowproductimages/medium/827609.jpg",
    "price": 12,
    "quantity": 0.54,
    "unitPrice": 22.22
  },
  {
    "name": "Woolworths Gourmet Wagyu Beef Burger",
    "url": "https://www.woolworths.com.au/shop/productdetails/278375",
    "img": "https://cdn0.woolworths.media/content/wowproductimages/medium/278375.jpg",
    "price": 10,
    "quantity": 0.45,
    "unitPrice": 22.22
  },
  {
    "name": "Woolworths Cashews",
    "url": "https://www.woolworths.com.au/shop/productdetails/758700",
    "img": "https://cdn0.woolworths.media/content/wowproductimages/medium/758700.jpg",
    "price": 10,
    "quantity": 0.45,
    "unitPrice": 22.22
  },
  {
    "name": "Perform Lean Thai Green Chicken Curry",
    "url": "https://www.coles.com.au/product/coles-perform-lean-thai-green-chicken-curry-400g-5587155",
    "img": "https://productimages.coles.com.au/productimages/5/5587155.jpg",
    "price": 8.9,
    "quantity": 0.4,
    "unitPrice": 22.3
  },
  {
    "name": "Garlic Butter Spread",
    "url": "https://www.coles.com.au/product/tru-blue-garlic-butter-spread-150g-6801964",
    "img": "https://productimages.coles.com.au/productimages/6/6801964.jpg",
    "price": 3.35,
    "quantity": 0.15,
    "unitPrice": 22.3
  },
  {
    "name": "Double Thick Cream",
    "url": "https://www.coles.com.au/product/pura-double-thick-cream-300ml-5434992",
    "img": "https://productimages.coles.com.au/productimages/5/5434992.jpg",
    "price": 6.7,
    "quantity": 0.3,
    "unitPrice": 22.3
  },
  {
    "name": "Chilli Crush",
    "url": "https://www.coles.com.au/product/pattu-chilli-crush-200g-2158731",
    "img": "https://productimages.coles.com.au/productimages/2/2158731.jpg",
    "price": 4.45,
    "quantity": 0.2,
    "unitPrice": 22.3
  },
  {
    "name": "Meal Kit Satay Chicken Noodles",
    "url": "https://www.coles.com.au/product/mr-chen's-meal-kit-satay-chicken-noodles-382g-7362418",
    "img": "https://productimages.coles.com.au/productimages/7/7362418.jpg",
    "price": 8.5,
    "quantity": 0.382,
    "unitPrice": 22.3
  },
  {
    "name": "Meal Kit Satay Chicken Noodles",
    "url": "https://www.coles.com.au/product/mr-chen's-meal-kit-satay-chicken-noodles-382g-7362418",
    "img": "https://productimages.coles.com.au/productimages/7/7362418.jpg",
    "price": 8.5,
    "quantity": 0.382,
    "unitPrice": 22.3
  },
  {
    "name": "Tru Blu Garlic Butter",
    "url": "https://www.woolworths.com.au/shop/productdetails/71247",
    "img": "https://cdn0.woolworths.media/content/wowproductimages/medium/071247.jpg",
    "price": 3.35,
    "quantity": 0.15,
    "unitPrice": 22.3
  },
  {
    "name": "Basa Portions Skin Off 2 Pack",
    "url": "https://www.coles.com.au/product/coles-basa-portions-skin-off-2-pack-260g-1567000",
    "img": "https://productimages.coles.com.au/productimages/1/1567000.jpg",
    "price": 5.8,
    "quantity": 0.26,
    "unitPrice": 22.31
  },
  {
    "name": "Hickory BBQ Pork Ribs",
    "url": "https://www.coles.com.au/product/beak-&-sons-hickory-bbq-pork-ribs-650g-3266489",
    "img": "https://productimages.coles.com.au/productimages/3/3266489.jpg",
    "price": 14.5,
    "quantity": 0.65,
    "unitPrice": 22.31
  },
  {
    "name": "Emporium Selection Camembert",
    "url": "https://www.aldi.com.au/en/groceries/fresh-produce/dairy-eggs/dairy-eggs-detail/ps/p/emporium-selection-camembert-125g-2/",
    "img": "https://www.aldi.com.au/fileadmin/_processed_/b/0/csm_ALN2364_AWARDS_CHEESE_1x1_228x128_4_63d9773acf.jpg",
    "price": 2.79,
    "quantity": 0.125,
    "unitPrice": 22.32
  },
  {
    "name": "Emporium Selection Brie",
    "url": "https://www.aldi.com.au/en/groceries/fresh-produce/dairy-eggs/dairy-eggs-detail/ps/p/emporium-selection-brie-125g/",
    "img": "https://www.aldi.com.au/fileadmin/_processed_/b/0/csm_ALN2364_AWARDS_CHEESE_1x1_228x128_5_9bfbfcabf7.jpg",
    "price": 2.79,
    "quantity": 0.125,
    "unitPrice": 22.32
  },
  {
    "name": "Crafted Caramelised French Onion Dip",
    "url": "https://www.coles.com.au/product/black-swan-crafted-caramelised-french-onion-dip-170g-5559535",
    "img": "https://productimages.coles.com.au/productimages/5/5559535.jpg",
    "price": 3.8,
    "quantity": 0.17,
    "unitPrice": 22.4
  },
  {
    "name": "Crafted Guacamole Dip",
    "url": "https://www.coles.com.au/product/black-swan-crafted-guacamole-dip-170g-5559546",
    "img": "https://productimages.coles.com.au/productimages/5/5559546.jpg",
    "price": 3.8,
    "quantity": 0.17,
    "unitPrice": 22.4
  },
  {
    "name": "Crafted Hommus And Garlic Dip",
    "url": "https://www.coles.com.au/product/black-swan-crafted-hommus-and-garlic-dip-170g-5559557",
    "img": "https://productimages.coles.com.au/productimages/5/5559557.jpg",
    "price": 3.8,
    "quantity": 0.17,
    "unitPrice": 22.4
  },
  {
    "name": "Crafted Spinach And Feta Dip",
    "url": "https://www.coles.com.au/product/black-swan-crafted-spinach-and-feta-dip-170g-5561082",
    "img": "https://productimages.coles.com.au/productimages/5/5561082.jpg",
    "price": 3.8,
    "quantity": 0.17,
    "unitPrice": 22.4
  },
  {
    "name": "Taste Of The World Mexico",
    "url": "https://www.coles.com.au/product/black-swan-taste-of-the-world-mexico-170g-5561209",
    "img": "https://productimages.coles.com.au/productimages/5/5561209.jpg",
    "price": 3.8,
    "quantity": 0.17,
    "unitPrice": 22.4
  },
  {
    "name": "Crafted Dill & Mint Tzatziki Dip",
    "url": "https://www.coles.com.au/product/black-swan-crafted-dill-&-mint-tzatziki-dip-170g-5561231",
    "img": "https://productimages.coles.com.au/productimages/5/5561231.jpg",
    "price": 3.8,
    "quantity": 0.17,
    "unitPrice": 22.4
  },
  {
    "name": "Crafted Sweet Chilli Jam Dip",
    "url": "https://www.coles.com.au/product/black-swan-crafted-sweet-chilli-jam-dip-170g-5646265",
    "img": "https://productimages.coles.com.au/productimages/5/5646265.jpg",
    "price": 3.8,
    "quantity": 0.17,
    "unitPrice": 22.4
  },
  {
    "name": "Rich Chocolate Mousse",
    "url": "https://www.coles.com.au/product/kenilworth-dairies-rich-chocolate-mousse-170g-6913232",
    "img": "https://productimages.coles.com.au/productimages/6/6913232.jpg",
    "price": 3.8,
    "quantity": 0.17,
    "unitPrice": 22.4
  },
  {
    "name": "Crafted Dip Olive Fetta & Chilli",
    "url": "https://www.coles.com.au/product/black-swan-crafted-dip-olive-fetta-&-chilli-170g-7082954",
    "img": "https://productimages.coles.com.au/productimages/7/7082954.jpg",
    "price": 3.8,
    "quantity": 0.17,
    "unitPrice": 22.4
  },
  {
    "name": "Whipped Dairy Topping Cream",
    "url": "https://www.coles.com.au/product/dream-whip-whipped-dairy-topping-cream-250g-5362360",
    "img": "https://productimages.coles.com.au/productimages/5/5362360.jpg",
    "price": 5.6,
    "quantity": 0.25,
    "unitPrice": 22.4
  },
  {
    "name": "Crafted Crispy Bacon And Caramelised Onion Dip",
    "url": "https://www.coles.com.au/product/black-swan-crafted-crispy-bacon-and-caramelised-onion-dip-170g-5559502",
    "img": "https://productimages.coles.com.au/productimages/5/5559502.jpg",
    "price": 3.8,
    "quantity": 0.17,
    "unitPrice": 22.4
  },
  {
    "name": "Crafted Beetroot Tzatziki Dip",
    "url": "https://www.coles.com.au/product/black-swan-crafted-beetroot-tzatziki-dip-170g-5559524",
    "img": "https://productimages.coles.com.au/productimages/5/5559524.jpg",
    "price": 3.8,
    "quantity": 0.17,
    "unitPrice": 22.4
  },
  {
    "name": "Coco Earth Ghee Clarified Butter Grass Fed",
    "url": "https://www.woolworths.com.au/shop/productdetails/175500",
    "img": "https://cdn0.woolworths.media/content/wowproductimages/medium/175500.jpg",
    "price": 11.2,
    "quantity": 0.5,
    "unitPrice": 22.4
  },
  {
    "name": "Primo Short Cut Bacon",
    "url": "https://www.woolworths.com.au/shop/productdetails/235782",
    "img": "https://cdn0.woolworths.media/content/wowproductimages/medium/235782.jpg",
    "price": 16.8,
    "quantity": 0.75,
    "unitPrice": 22.4
  },
  {
    "name": "Primo Pan Sized Rindless Bacon Pan Size",
    "url": "https://www.woolworths.com.au/shop/productdetails/674265",
    "img": "https://cdn0.woolworths.media/content/wowproductimages/medium/674265.jpg",
    "price": 16.8,
    "quantity": 0.75,
    "unitPrice": 22.4
  },
  {
    "name": "Primo Middle Bacon",
    "url": "https://www.woolworths.com.au/shop/productdetails/140658",
    "img": "https://cdn0.woolworths.media/content/wowproductimages/medium/140658.jpg",
    "price": 16.8,
    "quantity": 0.75,
    "unitPrice": 22.4
  },
  {
    "name": "Maggie Beer Chunky Mushroom Finishing Sauce",
    "url": "https://www.woolworths.com.au/shop/productdetails/171110",
    "img": "https://cdn0.woolworths.media/content/wowproductimages/medium/171110.jpg",
    "price": 3.8,
    "quantity": 0.17,
    "unitPrice": 22.4
  },
  {
    "name": "Maggie Beer Red Wine Finishing Sauce",
    "url": "https://www.woolworths.com.au/shop/productdetails/279848",
    "img": "https://cdn0.woolworths.media/content/wowproductimages/medium/279848.jpg",
    "price": 3.8,
    "quantity": 0.17,
    "unitPrice": 22.4
  },
  {
    "name": "Maggie Beer Rich & Thick Gravy Finishing Sauce",
    "url": "https://www.woolworths.com.au/shop/productdetails/170141",
    "img": "https://cdn0.woolworths.media/content/wowproductimages/medium/170141.jpg",
    "price": 3.8,
    "quantity": 0.17,
    "unitPrice": 22.4
  },
  {
    "name": "Maggie Beer Honey Mustard Finishing Sauce",
    "url": "https://www.woolworths.com.au/shop/productdetails/171192",
    "img": "https://cdn0.woolworths.media/content/wowproductimages/medium/171192.jpg",
    "price": 3.8,
    "quantity": 0.17,
    "unitPrice": 22.4
  },
  {
    "name": "Eureka Premium Blueberries",
    "url": "https://www.coles.com.au/product/fresh-eureka-premium-blueberries-200g-1736275",
    "img": "https://productimages.coles.com.au/productimages/1/1736275.jpg",
    "price": 4.5,
    "quantity": 0.2,
    "unitPrice": 22.5
  },
  {
    "name": "Organic Coleslaw",
    "url": "https://www.coles.com.au/product/coles-organic-coleslaw-200g-3014293",
    "img": "https://productimages.coles.com.au/productimages/3/3014293.jpg",
    "price": 4.5,
    "quantity": 0.2,
    "unitPrice": 22.5
  },
  {
    "name": "Baby Brussel Sprouts",
    "url": "https://www.coles.com.au/product/coles-baby-brussel-sprouts-200g-9989810",
    "img": "https://productimages.coles.com.au/productimages/9/9989810.jpg",
    "price": 4.5,
    "quantity": 0.2,
    "unitPrice": 22.5
  },
  {
    "name": "Dry Roasted Cashews",
    "url": "https://www.coles.com.au/product/coles-dry-roasted-cashews-400g-2123500",
    "img": "https://productimages.coles.com.au/productimages/2/2123500.jpg",
    "price": 9,
    "quantity": 0.4,
    "unitPrice": 22.5
  },
  {
    "name": "Roasted & Salted Cashews",
    "url": "https://www.coles.com.au/product/coles-roasted-&-salted-cashews-400g-2123646",
    "img": "https://productimages.coles.com.au/productimages/2/2123646.jpg",
    "price": 9,
    "quantity": 0.4,
    "unitPrice": 22.5
  },
  {
    "name": "Natural Cashews",
    "url": "https://www.coles.com.au/product/coles-natural-cashews-400g-2222229",
    "img": "https://productimages.coles.com.au/productimages/2/2222229.jpg",
    "price": 9,
    "quantity": 0.4,
    "unitPrice": 22.5
  },
  {
    "name": "Dry Roasted Mixed Nuts",
    "url": "https://www.coles.com.au/product/coles-dry-roasted-mixed-nuts-400g-5299478",
    "img": "https://productimages.coles.com.au/productimages/5/5299478.jpg",
    "price": 9,
    "quantity": 0.4,
    "unitPrice": 22.5
  },
  {
    "name": "Dry Roasted Mixed Nuts",
    "url": "https://www.coles.com.au/product/coles-dry-roasted-mixed-nuts-400g-5299478",
    "img": "https://productimages.coles.com.au/productimages/5/5299478.jpg",
    "price": 9,
    "quantity": 0.4,
    "unitPrice": 22.5
  },
  {
    "name": "Harissa Hummus Dip",
    "url": "https://www.coles.com.au/product/dari's-table-harissa-hummus-dip-200g-1701033",
    "img": "https://productimages.coles.com.au/productimages/1/1701033.jpg",
    "price": 4.5,
    "quantity": 0.2,
    "unitPrice": 22.5
  },
  {
    "name": "Pine Nut Hummus Dip",
    "url": "https://www.coles.com.au/product/dari's-table-pine-nut-hummus-dip-200g-1701066",
    "img": "https://productimages.coles.com.au/productimages/1/1701066.jpg",
    "price": 4.5,
    "quantity": 0.2,
    "unitPrice": 22.5
  },
  {
    "name": "Avocado & Sea Salt Dip",
    "url": "https://www.coles.com.au/product/yumi's-avocado-&-sea-salt-dip-200g-2007474",
    "img": "https://productimages.coles.com.au/productimages/2/2007474.jpg",
    "price": 4.5,
    "quantity": 0.2,
    "unitPrice": 22.5
  },
  {
    "name": "Smokey Chipotle Hommus Dip",
    "url": "https://www.coles.com.au/product/yumi's-smokey-chipotle-hommus-dip-200g-3039400",
    "img": "https://productimages.coles.com.au/productimages/3/3039400.jpg",
    "price": 4.5,
    "quantity": 0.2,
    "unitPrice": 22.5
  },
  {
    "name": "Rocket Pesto Hommus Dip",
    "url": "https://www.coles.com.au/product/yumi's-rocket-pesto-hommus-dip-200g-3776758",
    "img": "https://productimages.coles.com.au/productimages/3/3776758.jpg",
    "price": 4.5,
    "quantity": 0.2,
    "unitPrice": 22.5
  },
  {
    "name": "Mediterranean Vegetable Dip",
    "url": "https://www.coles.com.au/product/yumi's-mediterranean-vegetable-dip-200g-4376686",
    "img": "https://productimages.coles.com.au/productimages/4/4376686.jpg",
    "price": 4.5,
    "quantity": 0.2,
    "unitPrice": 22.5
  },
  {
    "name": "Stone Baked Garlic Ciabatta",
    "url": "https://www.coles.com.au/product/coles-finest-stone-baked-garlic-ciabatta-200g-4706463",
    "img": "https://productimages.coles.com.au/productimages/4/4706463.jpg",
    "price": 4.5,
    "quantity": 0.2,
    "unitPrice": 22.5
  },
  {
    "name": "Mexican Bean with a Hint of Chilli Dip",
    "url": "https://www.coles.com.au/product/yumi's-mexican-bean-with-a-hint-of-chilli-dip-200g-5937417",
    "img": "https://productimages.coles.com.au/productimages/5/5937417.jpg",
    "price": 4.5,
    "quantity": 0.2,
    "unitPrice": 22.5
  },
  {
    "name": "Roasted Beetroot Hommus Dip",
    "url": "https://www.coles.com.au/product/yumi's-roasted-beetroot-hommus-dip-200g-6008640",
    "img": "https://productimages.coles.com.au/productimages/6/6008640.jpg",
    "price": 4.5,
    "quantity": 0.2,
    "unitPrice": 22.5
  },
  {
    "name": "Sweet Potato & Roasted Cashews Dip",
    "url": "https://www.coles.com.au/product/yumi's-sweet-potato-&-roasted-cashews-dip-200g-6008650",
    "img": "https://productimages.coles.com.au/productimages/6/6008650.jpg",
    "price": 4.5,
    "quantity": 0.2,
    "unitPrice": 22.5
  },
  {
    "name": "Classic Dip Baba Ganoosh",
    "url": "https://www.coles.com.au/product/yumi's-classic-dip-baba-ganoosh-200g-6416624",
    "img": "https://productimages.coles.com.au/productimages/6/6416624.jpg",
    "price": 4.5,
    "quantity": 0.2,
    "unitPrice": 22.5
  },
  {
    "name": "Kalamata Olive Dip",
    "url": "https://www.coles.com.au/product/yumi's-kalamata-olive-dip-200g-7117447",
    "img": "https://productimages.coles.com.au/productimages/7/7117447.jpg",
    "price": 4.5,
    "quantity": 0.2,
    "unitPrice": 22.5
  },
  {
    "name": "Spicy Capsicum with Cashews Dip",
    "url": "https://www.coles.com.au/product/yumi's-spicy-capsicum-with-cashews-dip-200g-8563390",
    "img": "https://productimages.coles.com.au/productimages/8/8563390.jpg",
    "price": 4.5,
    "quantity": 0.2,
    "unitPrice": 22.5
  },
  {
    "name": "Mediterranean Eggplant Dip",
    "url": "https://www.coles.com.au/product/yumi's-mediterranean-eggplant-dip-200g-8670878",
    "img": "https://productimages.coles.com.au/productimages/8/8670878.jpg",
    "price": 4.5,
    "quantity": 0.2,
    "unitPrice": 22.5
  },
  {
    "name": "Egg With Mayo Dip",
    "url": "https://www.coles.com.au/product/yumi's-egg-with-mayo-dip-200g-8670889",
    "img": "https://productimages.coles.com.au/productimages/8/8670889.jpg",
    "price": 4.5,
    "quantity": 0.2,
    "unitPrice": 22.5
  },
  {
    "name": "Green Olive Dip",
    "url": "https://www.coles.com.au/product/yumi's-green-olive-dip-200g-8670903",
    "img": "https://productimages.coles.com.au/productimages/8/8670903.jpg",
    "price": 4.5,
    "quantity": 0.2,
    "unitPrice": 22.5
  },
  {
    "name": "Middle Eastern Hommus Dip",
    "url": "https://www.coles.com.au/product/yumi's-middle-eastern-hommus-dip-200g-8670914",
    "img": "https://productimages.coles.com.au/productimages/8/8670914.jpg",
    "price": 4.5,
    "quantity": 0.2,
    "unitPrice": 22.5
  },
  {
    "name": "Spinach Dip",
    "url": "https://www.coles.com.au/product/yumi's-spinach-dip-200g-8670925",
    "img": "https://productimages.coles.com.au/productimages/8/8670925.jpg",
    "price": 4.5,
    "quantity": 0.2,
    "unitPrice": 22.5
  },
  {
    "name": "Roasted Beetroot Dip",
    "url": "https://www.coles.com.au/product/yumi's-roasted-beetroot-dip-200g-8670947",
    "img": "https://productimages.coles.com.au/productimages/8/8670947.jpg",
    "price": 4.5,
    "quantity": 0.2,
    "unitPrice": 22.5
  },
  {
    "name": "Fetta Cheese",
    "url": "https://www.coles.com.au/product/coles-deli-fetta-cheese-approx.-100g-3218894",
    "img": "https://productimages.coles.com.au/productimages/3/3218894.jpg",
    "price": 2.25,
    "quantity": 0.1,
    "unitPrice": 22.5
  },
  {
    "name": "Rainbow Sprinkles",
    "url": "https://www.coles.com.au/product/coles-rainbow-sprinkles-200g-2441765",
    "img": "https://productimages.coles.com.au/productimages/2/2441765.jpg",
    "price": 4.5,
    "quantity": 0.2,
    "unitPrice": 22.5
  },
  {
    "name": "Dried Apples",
    "url": "https://www.coles.com.au/product/angas-park-dried-apples-200g-9202172",
    "img": "https://productimages.coles.com.au/productimages/9/9202172.jpg",
    "price": 4.5,
    "quantity": 0.2,
    "unitPrice": 22.5
  },
  {
    "name": "Rainbow Sprinkles",
    "url": "https://www.coles.com.au/product/coles-rainbow-sprinkles-200g-2441765",
    "img": "https://productimages.coles.com.au/productimages/2/2441765.jpg",
    "price": 4.5,
    "quantity": 0.2,
    "unitPrice": 22.5
  },
  {
    "name": "Dried Apples",
    "url": "https://www.coles.com.au/product/angas-park-dried-apples-200g-9202172",
    "img": "https://productimages.coles.com.au/productimages/9/9202172.jpg",
    "price": 4.5,
    "quantity": 0.2,
    "unitPrice": 22.5
  },
  {
    "name": "50% Less Sugar Cereal Cinnamon Donut",
    "url": "https://www.coles.com.au/product/the-no-nasties-project-50%-less-sugar-cereal-cinnamon-donut-285g-5294587",
    "img": "https://productimages.coles.com.au/productimages/5/5294587.jpg",
    "price": 6.4,
    "quantity": 0.285,
    "unitPrice": 22.5
  },
  {
    "name": "50% Less Sugar Cereal Chocolate Bombs",
    "url": "https://www.coles.com.au/product/the-no-nasties-project-50%-less-sugar-cereal-chocolate-bombs-285g-5296560",
    "img": "https://productimages.coles.com.au/productimages/5/5296560.jpg",
    "price": 6.4,
    "quantity": 0.285,
    "unitPrice": 22.5
  },
  {
    "name": "50% Less Sugar Cereal Fruity Loops",
    "url": "https://www.coles.com.au/product/the-no-nasties-project-50%-less-sugar-cereal-fruity-loops-285g-5296630",
    "img": "https://productimages.coles.com.au/productimages/5/5296630.jpg",
    "price": 6.4,
    "quantity": 0.285,
    "unitPrice": 22.5
  },
  {
    "name": "50% Less Sugar Cereal Cinnamon Donut",
    "url": "https://www.coles.com.au/product/the-no-nasties-project-50%-less-sugar-cereal-cinnamon-donut-285g-5294587",
    "img": "https://productimages.coles.com.au/productimages/5/5294587.jpg",
    "price": 6.4,
    "quantity": 0.285,
    "unitPrice": 22.5
  },
  {
    "name": "50% Less Sugar Cereal Chocolate Bombs",
    "url": "https://www.coles.com.au/product/the-no-nasties-project-50%-less-sugar-cereal-chocolate-bombs-285g-5296560",
    "img": "https://productimages.coles.com.au/productimages/5/5296560.jpg",
    "price": 6.4,
    "quantity": 0.285,
    "unitPrice": 22.5
  },
  {
    "name": "50% Less Sugar Cereal Fruity Loops",
    "url": "https://www.coles.com.au/product/the-no-nasties-project-50%-less-sugar-cereal-fruity-loops-285g-5296630",
    "img": "https://productimages.coles.com.au/productimages/5/5296630.jpg",
    "price": 6.4,
    "quantity": 0.285,
    "unitPrice": 22.5
  },
  {
    "name": "Taco Sauce Mild",
    "url": "https://www.coles.com.au/product/old-el-paso-taco-sauce-mild-200g-291413",
    "img": "https://productimages.coles.com.au/productimages/2/291413.jpg",
    "price": 4.5,
    "quantity": 0.2,
    "unitPrice": 22.5
  },
  {
    "name": "Hot Taco Sauce",
    "url": "https://www.coles.com.au/product/old-el-paso-hot-taco-sauce-200g-404633",
    "img": "https://productimages.coles.com.au/productimages/4/404633.jpg",
    "price": 4.5,
    "quantity": 0.2,
    "unitPrice": 22.5
  },
  {
    "name": "Stand 'N Stuff Taco Kit Mexican Style",
    "url": "https://www.coles.com.au/product/old-el-paso-stand-'n-stuff-taco-kit-mexican-style-295g-4565510",
    "img": "https://productimages.coles.com.au/productimages/4/4565510.jpg",
    "price": 6.65,
    "quantity": 0.295,
    "unitPrice": 22.5
  },
  {
    "name": "Indonesian Rendang Curry",
    "url": "https://www.coles.com.au/product/the-spice-tailor-indonesian-rendang-curry-275g-3735830",
    "img": "https://productimages.coles.com.au/productimages/3/3735830.jpg",
    "price": 6.2,
    "quantity": 0.275,
    "unitPrice": 22.5
  },
  {
    "name": "Thai Red Curry",
    "url": "https://www.coles.com.au/product/the-spice-tailor-thai-red-curry-275g-3735841",
    "img": "https://productimages.coles.com.au/productimages/3/3735841.jpg",
    "price": 6.2,
    "quantity": 0.275,
    "unitPrice": 22.5
  },
  {
    "name": "Thai Green Curry",
    "url": "https://www.coles.com.au/product/the-spice-tailor-thai-green-curry-275g-3735852",
    "img": "https://productimages.coles.com.au/productimages/3/3735852.jpg",
    "price": 6.2,
    "quantity": 0.275,
    "unitPrice": 22.5
  },
  {
    "name": "Massaman Curry",
    "url": "https://www.coles.com.au/product/the-spice-tailor-massaman-curry-275g-7384206",
    "img": "https://productimages.coles.com.au/productimages/7/7384206.jpg",
    "price": 6.2,
    "quantity": 0.275,
    "unitPrice": 22.5
  },
  {
    "name": "Gluten Free Lasagna",
    "url": "https://www.coles.com.au/product/san-remo-gluten-free-lasagna-200g-4275973",
    "img": "https://productimages.coles.com.au/productimages/4/4275973.jpg",
    "price": 4.5,
    "quantity": 0.2,
    "unitPrice": 22.5
  },
  {
    "name": "Indonesian Rendang Curry",
    "url": "https://www.coles.com.au/product/the-spice-tailor-indonesian-rendang-curry-275g-3735830",
    "img": "https://productimages.coles.com.au/productimages/3/3735830.jpg",
    "price": 6.2,
    "quantity": 0.275,
    "unitPrice": 22.5
  },
  {
    "name": "Thai Red Curry",
    "url": "https://www.coles.com.au/product/the-spice-tailor-thai-red-curry-275g-3735841",
    "img": "https://productimages.coles.com.au/productimages/3/3735841.jpg",
    "price": 6.2,
    "quantity": 0.275,
    "unitPrice": 22.5
  },
  {
    "name": "Thai Green Curry",
    "url": "https://www.coles.com.au/product/the-spice-tailor-thai-green-curry-275g-3735852",
    "img": "https://productimages.coles.com.au/productimages/3/3735852.jpg",
    "price": 6.2,
    "quantity": 0.275,
    "unitPrice": 22.5
  },
  {
    "name": "Slow Cooked Cajun Pulled Pork Pie 2 pack",
    "url": "https://www.coles.com.au/product/herbert-adams-slow-cooked-cajun-pulled-pork-pie-2-pack-400g-6516243",
    "img": "https://productimages.coles.com.au/productimages/6/6516243.jpg",
    "price": 9,
    "quantity": 0.4,
    "unitPrice": 22.5
  },
  {
    "name": "Prawn & Green Curry Fried Rice",
    "url": "https://www.coles.com.au/product/kb-prawn-&-green-curry-fried-rice-400g-7035105",
    "img": "https://productimages.coles.com.au/productimages/7/7035105.jpg",
    "price": 9,
    "quantity": 0.4,
    "unitPrice": 22.5
  },
  {
    "name": "Slow Cooked Cajun Pulled Pork Pie 2 pack",
    "url": "https://www.coles.com.au/product/herbert-adams-slow-cooked-cajun-pulled-pork-pie-2-pack-400g-6516243",
    "img": "https://productimages.coles.com.au/productimages/6/6516243.jpg",
    "price": 9,
    "quantity": 0.4,
    "unitPrice": 22.5
  },
  {
    "name": "Prawn & Green Curry Fried Rice",
    "url": "https://www.coles.com.au/product/kb-prawn-&-green-curry-fried-rice-400g-7035105",
    "img": "https://productimages.coles.com.au/productimages/7/7035105.jpg",
    "price": 9,
    "quantity": 0.4,
    "unitPrice": 22.5
  },
  {
    "name": "RSPCA Approved Chicken Breast Tenders Plain Crumb",
    "url": "https://www.coles.com.au/product/coles-rspca-approved-chicken-breast-tenders-plain-crumb-400g-5245990",
    "img": "https://productimages.coles.com.au/productimages/5/5245990.jpg",
    "price": 9,
    "quantity": 0.4,
    "unitPrice": 22.5
  },
  {
    "name": "Grass-Fed Beef Lasagne",
    "url": "https://www.coles.com.au/product/cleaver's-organic-grass-fed-beef-lasagne-600g-3489508",
    "img": "https://productimages.coles.com.au/productimages/3/3489508.jpg",
    "price": 13.5,
    "quantity": 0.6,
    "unitPrice": 22.5
  },
  {
    "name": "Riviana Baby Prawns",
    "url": "https://www.woolworths.com.au/shop/productdetails/959446",
    "img": "https://cdn0.woolworths.media/content/wowproductimages/medium/959446.jpg",
    "price": 4.5,
    "quantity": 0.2,
    "unitPrice": 22.5
  },
  {
    "name": "Woolworths Good To Go Seasonal Fruit Salad",
    "url": "https://www.woolworths.com.au/shop/productdetails/73192",
    "img": "https://cdn0.woolworths.media/content/wowproductimages/medium/073192.jpg",
    "price": 4.5,
    "quantity": 0.2,
    "unitPrice": 22.5
  },
  {
    "name": "Good To Go Fresh Pineapple",
    "url": "https://www.woolworths.com.au/shop/productdetails/73195",
    "img": "https://cdn0.woolworths.media/content/wowproductimages/medium/073195.jpg",
    "price": 4.5,
    "quantity": 0.2,
    "unitPrice": 22.5
  },
  {
    "name": "Woolworths Good To Go Seasonal Melon Mix",
    "url": "https://www.woolworths.com.au/shop/productdetails/73194",
    "img": "https://cdn0.woolworths.media/content/wowproductimages/medium/073194.jpg",
    "price": 4.5,
    "quantity": 0.2,
    "unitPrice": 22.5
  },
  {
    "name": "Woolworths Mixed Fruit Salad With Passionfruit",
    "url": "https://www.woolworths.com.au/shop/productdetails/73196",
    "img": "https://cdn0.woolworths.media/content/wowproductimages/medium/073196.jpg",
    "price": 4.5,
    "quantity": 0.2,
    "unitPrice": 22.5
  },
  {
    "name": "Woolworths Good To Go Fresh Rockmelon",
    "url": "https://www.woolworths.com.au/shop/productdetails/73197",
    "img": "https://cdn0.woolworths.media/content/wowproductimages/medium/073197.jpg",
    "price": 4.5,
    "quantity": 0.2,
    "unitPrice": 22.5
  },
  {
    "name": "Macro Organic Solanato Tomatoes",
    "url": "https://www.woolworths.com.au/shop/productdetails/688869",
    "img": "https://cdn0.woolworths.media/content/wowproductimages/medium/688869.jpg",
    "price": 4.5,
    "quantity": 0.2,
    "unitPrice": 22.5
  },
  {
    "name": "San Remo Lasagne Gluten Free",
    "url": "https://www.woolworths.com.au/shop/productdetails/242926",
    "img": "https://cdn0.woolworths.media/content/wowproductimages/medium/242926.jpg",
    "price": 4.5,
    "quantity": 0.2,
    "unitPrice": 22.5
  },
  {
    "name": "Primo Kransky Cheese From The Deli",
    "url": "https://www.woolworths.com.au/shop/productdetails/217404",
    "img": "https://cdn0.woolworths.media/content/wowproductimages/medium/217404.jpg",
    "price": 22.5,
    "quantity": 1,
    "unitPrice": 22.5
  },
  {
    "name": "Primo Kransky Double Smoked From The Deli",
    "url": "https://www.woolworths.com.au/shop/productdetails/40556",
    "img": "https://cdn0.woolworths.media/content/wowproductimages/medium/040556.jpg",
    "price": 22.5,
    "quantity": 1,
    "unitPrice": 22.5
  },
  {
    "name": "K-roo Kangaroo Sizzle Steak",
    "url": "https://www.woolworths.com.au/shop/productdetails/120304",
    "img": "https://cdn0.woolworths.media/content/wowproductimages/medium/120304.jpg",
    "price": 9,
    "quantity": 0.4,
    "unitPrice": 22.5
  },
  {
    "name": "Woolworths Nashville Style Chicken Tenders",
    "url": "https://www.woolworths.com.au/shop/productdetails/250851",
    "img": "https://cdn0.woolworths.media/content/wowproductimages/medium/250851.jpg",
    "price": 9,
    "quantity": 0.4,
    "unitPrice": 22.5
  },
  {
    "name": "Woolworths Crumbed Beef Cheeseburger Chips",
    "url": "https://www.woolworths.com.au/shop/productdetails/250902",
    "img": "https://cdn0.woolworths.media/content/wowproductimages/medium/250902.jpg",
    "price": 9,
    "quantity": 0.4,
    "unitPrice": 22.5
  },
  {
    "name": "Noshu 97% Sugar Free Protein Pancake Mix",
    "url": "https://www.woolworths.com.au/shop/productdetails/114578",
    "img": "https://cdn0.woolworths.media/content/wowproductimages/medium/114578.jpg",
    "price": 4.5,
    "quantity": 0.2,
    "unitPrice": 22.5
  },
  {
    "name": "Snackers Market Cheese Strips",
    "url": "https://www.aldi.com.au/en/groceries/fresh-produce/dairy-eggs/dairy-eggs-detail/ps/p/snackers-market-cheese-strips-8pk168g/",
    "img": "https://www.aldi.com.au/fileadmin/_processed_/e/0/csm_1001605-11_1x1_Q4_WEB-AUDIT_SNACKS_228x128_6_88316db964.jpg",
    "price": 3.79,
    "quantity": 0.168,
    "unitPrice": 22.56
  },
  {
    "name": "Soleil Low Fat Chocolate Mousse 2 pack",
    "url": "https://www.coles.com.au/product/pauls-soleil-low-fat-chocolate-mousse-2-pack-124g-8469971",
    "img": "https://productimages.coles.com.au/productimages/8/8469971.jpg",
    "price": 2.8,
    "quantity": 0.124,
    "unitPrice": 22.6
  },
  {
    "name": "Green Label Mango Chutney",
    "url": "https://www.coles.com.au/product/sharwood's-green-label-mango-chutney-354g-204714",
    "img": "https://productimages.coles.com.au/productimages/2/204714.jpg",
    "price": 8,
    "quantity": 0.354,
    "unitPrice": 22.6
  },
  {
    "name": "Green Label Mango & Ginger Chutney",
    "url": "https://www.coles.com.au/product/sharwood's-green-label-mango-&-ginger-chutney-354g-362442",
    "img": "https://productimages.coles.com.au/productimages/3/362442.jpg",
    "price": 8,
    "quantity": 0.354,
    "unitPrice": 22.6
  },
  {
    "name": "Meal Kits Thai Basil Chilli",
    "url": "https://www.coles.com.au/product/mr-chen's-meal-kits-thai-basil-chilli-376g-7362429",
    "img": "https://productimages.coles.com.au/productimages/7/7362429.jpg",
    "price": 8.5,
    "quantity": 0.376,
    "unitPrice": 22.6
  },
  {
    "name": "Big Roll Spicy 9 Pack",
    "url": "https://www.coles.com.au/product/taokaenoi-big-roll-spicy-9-pack-243g-3882529",
    "img": "https://productimages.coles.com.au/productimages/3/3882529.jpg",
    "price": 5.5,
    "quantity": 0.243,
    "unitPrice": 22.6
  },
  {
    "name": "Meal Kits Thai Basil Chilli",
    "url": "https://www.coles.com.au/product/mr-chen's-meal-kits-thai-basil-chilli-376g-7362429",
    "img": "https://productimages.coles.com.au/productimages/7/7362429.jpg",
    "price": 8.5,
    "quantity": 0.376,
    "unitPrice": 22.6
  },
  {
    "name": "Concentrated Beef Stock",
    "url": "https://www.coles.com.au/product/bonox-concentrated-beef-stock-230g-115909",
    "img": "https://productimages.coles.com.au/productimages/1/115909.jpg",
    "price": 5.2,
    "quantity": 0.23,
    "unitPrice": 22.6
  },
  {
    "name": "Frozen Avocado Slices",
    "url": "https://www.coles.com.au/product/creative-gourmet-frozen-avocado-slices-250g-4871120",
    "img": "https://productimages.coles.com.au/productimages/4/4871120.jpg",
    "price": 5.65,
    "quantity": 0.25,
    "unitPrice": 22.6
  },
  {
    "name": "Frozen Gourmet King Island Beef In Rich Gravy Pie  2 pack",
    "url": "https://www.coles.com.au/product/herbert-adams-frozen-gourmet-king-island-beef-in-rich-gravy-pie--2-pack-420g-5043485",
    "img": "https://productimages.coles.com.au/productimages/5/5043485.jpg",
    "price": 9.5,
    "quantity": 0.42,
    "unitPrice": 22.6
  },
  {
    "name": "Frozen Chicken & Leek Pie 2 pack",
    "url": "https://www.coles.com.au/product/herbert-adams-frozen-chicken-&-leek-pie-2-pack-420g-7144734",
    "img": "https://productimages.coles.com.au/productimages/7/7144734.jpg",
    "price": 9.5,
    "quantity": 0.42,
    "unitPrice": 22.6
  },
  {
    "name": "Frozen Avocado Slices",
    "url": "https://www.coles.com.au/product/creative-gourmet-frozen-avocado-slices-250g-4871120",
    "img": "https://productimages.coles.com.au/productimages/4/4871120.jpg",
    "price": 5.65,
    "quantity": 0.25,
    "unitPrice": 22.6
  },
  {
    "name": "Frozen Gourmet King Island Beef In Rich Gravy Pie  2 pack",
    "url": "https://www.coles.com.au/product/herbert-adams-frozen-gourmet-king-island-beef-in-rich-gravy-pie--2-pack-420g-5043485",
    "img": "https://productimages.coles.com.au/productimages/5/5043485.jpg",
    "price": 9.5,
    "quantity": 0.42,
    "unitPrice": 22.6
  },
  {
    "name": "Frozen Chicken & Leek Pie 2 pack",
    "url": "https://www.coles.com.au/product/herbert-adams-frozen-chicken-&-leek-pie-2-pack-420g-7144734",
    "img": "https://productimages.coles.com.au/productimages/7/7144734.jpg",
    "price": 9.5,
    "quantity": 0.42,
    "unitPrice": 22.6
  },
  {
    "name": "Creative Gourmet Frozen Avocado Slices",
    "url": "https://www.woolworths.com.au/shop/productdetails/180252",
    "img": "https://cdn0.woolworths.media/content/wowproductimages/medium/180252.jpg",
    "price": 5.65,
    "quantity": 0.25,
    "unitPrice": 22.6
  },
  {
    "name": "Conimex Sambal Oelek Paste Hot Chilli",
    "url": "https://www.woolworths.com.au/shop/productdetails/201050",
    "img": "https://cdn0.woolworths.media/content/wowproductimages/medium/201050.jpg",
    "price": 4.3,
    "quantity": 0.19,
    "unitPrice": 22.6
  },
  {
    "name": "Dollar Sweets 100s & 1000s Jar",
    "url": "https://www.woolworths.com.au/shop/productdetails/491614",
    "img": "https://cdn0.woolworths.media/content/wowproductimages/medium/491614.jpg",
    "price": 3.5,
    "quantity": 0.155,
    "unitPrice": 22.6
  },
  {
    "name": "Dutch Gouda",
    "url": "https://www.coles.com.au/product/coles-dutch-gouda-265g-3796405",
    "img": "https://productimages.coles.com.au/productimages/3/3796405.jpg",
    "price": 6,
    "quantity": 0.265,
    "unitPrice": 22.64
  },
  {
    "name": "Made Easy Slow Cooked Beef Ragu In Tomato Sauce",
    "url": "https://www.coles.com.au/product/coles-made-easy-slow-cooked-beef-ragu-in-tomato-sauce-750g-3156538",
    "img": "https://productimages.coles.com.au/productimages/3/3156538.jpg",
    "price": 17,
    "quantity": 0.75,
    "unitPrice": 22.67
  },
  {
    "name": "Woolworths Portobello Flat Mushrooms Punnet",
    "url": "https://www.woolworths.com.au/shop/productdetails/215609",
    "img": "https://cdn0.woolworths.media/content/wowproductimages/medium/215609.jpg",
    "price": 8.5,
    "quantity": 0.375,
    "unitPrice": 22.67
  },
  {
    "name": "Vanilla Flavoured Custard Pouch",
    "url": "https://www.aldi.com.au/en/groceries/fresh-produce/dairy-eggs/dairy-eggs-detail/ps/p/vanilla-flavoured-custard-pouch-70g/",
    "img": "https://www.aldi.com.au/fileadmin/_processed_/1/2/csm_1000855_ALN-10_1x1_Q1_WEB-AUDIT_228x128_45_b5f0367005.jpg",
    "price": 1.59,
    "quantity": 0.07,
    "unitPrice": 22.7
  },
  {
    "name": "Chocolate Flavoured Custard Pouch",
    "url": "https://www.aldi.com.au/en/groceries/fresh-produce/dairy-eggs/dairy-eggs-detail/ps/p/chocolate-flavoured-custard-pouch-70g/",
    "img": "https://www.aldi.com.au/fileadmin/_processed_/9/1/csm_1000855_ALN-10_1x1_Q1_WEB-AUDIT_228x128_46_a160a8745f.jpg",
    "price": 1.59,
    "quantity": 0.07,
    "unitPrice": 22.7
  },
  {
    "name": "Special K Gluten Free Breakfast Cereal",
    "url": "https://www.coles.com.au/product/kellogg's-special-k-gluten-free-breakfast-cereal-330g-2692878",
    "img": "https://productimages.coles.com.au/productimages/2/2692878.jpg",
    "price": 7.5,
    "quantity": 0.33,
    "unitPrice": 22.7
  },
  {
    "name": "Special K Gluten Free Breakfast Cereal",
    "url": "https://www.coles.com.au/product/kellogg's-special-k-gluten-free-breakfast-cereal-330g-2692878",
    "img": "https://productimages.coles.com.au/productimages/2/2692878.jpg",
    "price": 7.5,
    "quantity": 0.33,
    "unitPrice": 22.7
  },
  {
    "name": "Tangy Crunchy Sandwich Spread",
    "url": "https://www.coles.com.au/product/heinz-tangy-crunchy-sandwich-spread-300g-2682127",
    "img": "https://productimages.coles.com.au/productimages/2/2682127.jpg",
    "price": 6.8,
    "quantity": 0.3,
    "unitPrice": 22.7
  },
  {
    "name": "Twists Strawberry",
    "url": "https://www.coles.com.au/product/twizzlers-twists-strawberry-198g-5445376",
    "img": "https://productimages.coles.com.au/productimages/5/5445376.jpg",
    "price": 4.5,
    "quantity": 0.198,
    "unitPrice": 22.7
  },
  {
    "name": "Chipotle Sauce",
    "url": "https://www.coles.com.au/product/la-costena-chipotle-sauce-220g-3562313",
    "img": "https://productimages.coles.com.au/productimages/3/3562313.jpg",
    "price": 5,
    "quantity": 0.22,
    "unitPrice": 22.7
  },
  {
    "name": "Extra Virgin Olive Oil Light",
    "url": "https://www.coles.com.au/product/cobram-estate-extra-virgin-olive-oil-light-375ml-7452099",
    "img": "https://productimages.coles.com.au/productimages/7/7452099.jpg",
    "price": 8.5,
    "quantity": 0.375,
    "unitPrice": 22.7
  },
  {
    "name": "Extra Virgin Olive Oil Robust",
    "url": "https://www.coles.com.au/product/cobram-estate-extra-virgin-olive-oil-robust-375ml-8370681",
    "img": "https://productimages.coles.com.au/productimages/8/8370681.jpg",
    "price": 8.5,
    "quantity": 0.375,
    "unitPrice": 22.7
  },
  {
    "name": "Extra Virgin Olive Oil Classic",
    "url": "https://www.coles.com.au/product/cobram-estate-extra-virgin-olive-oil-classic-375ml-9389517",
    "img": "https://productimages.coles.com.au/productimages/9/9389517.jpg",
    "price": 8.5,
    "quantity": 0.375,
    "unitPrice": 22.7
  },
  {
    "name": "Frozen Chocolate Bavarian Cheesecake",
    "url": "https://www.coles.com.au/product/sara-lee-frozen-chocolate-bavarian-cheesecake-375g-6125869",
    "img": "https://productimages.coles.com.au/productimages/6/6125869.jpg",
    "price": 8.5,
    "quantity": 0.375,
    "unitPrice": 22.7
  },
  {
    "name": "Frozen Shortcrust Pastry Case",
    "url": "https://www.coles.com.au/product/pampas-frozen-shortcrust-pastry-case-220g-5528225",
    "img": "https://productimages.coles.com.au/productimages/5/5528225.jpg",
    "price": 5,
    "quantity": 0.22,
    "unitPrice": 22.7
  },
  {
    "name": "Frozen Chocolate Bavarian Cheesecake",
    "url": "https://www.coles.com.au/product/sara-lee-frozen-chocolate-bavarian-cheesecake-375g-6125869",
    "img": "https://productimages.coles.com.au/productimages/6/6125869.jpg",
    "price": 8.5,
    "quantity": 0.375,
    "unitPrice": 22.7
  },
  {
    "name": "Frozen Shortcrust Pastry Case",
    "url": "https://www.coles.com.au/product/pampas-frozen-shortcrust-pastry-case-220g-5528225",
    "img": "https://productimages.coles.com.au/productimages/5/5528225.jpg",
    "price": 5,
    "quantity": 0.22,
    "unitPrice": 22.7
  },
  {
    "name": "Yallamundi Farm 6 Large Organic Free Range Eggs",
    "url": "https://www.woolworths.com.au/shop/productdetails/206063",
    "img": "https://cdn0.woolworths.media/content/wowproductimages/medium/206063.jpg",
    "price": 6.8,
    "quantity": 0.3,
    "unitPrice": 22.7
  },
  {
    "name": "Woolworths Belgian Chocolate Brownie",
    "url": "https://www.woolworths.com.au/shop/productdetails/698110",
    "img": "https://cdn0.woolworths.media/content/wowproductimages/medium/698110.jpg",
    "price": 6.8,
    "quantity": 0.3,
    "unitPrice": 22.7
  },
  {
    "name": "Toscano French Style Madeleines Original",
    "url": "https://www.woolworths.com.au/shop/productdetails/243942",
    "img": "https://cdn0.woolworths.media/content/wowproductimages/medium/243942.jpg",
    "price": 5,
    "quantity": 0.22,
    "unitPrice": 22.7
  },
  {
    "name": "Kellogg's Special K Gluten Free Breakfast Cereal",
    "url": "https://www.woolworths.com.au/shop/productdetails/428309",
    "img": "https://cdn0.woolworths.media/content/wowproductimages/medium/428309.jpg",
    "price": 7.5,
    "quantity": 0.33,
    "unitPrice": 22.7
  },
  {
    "name": "Nature Nate's Honey Bear Australian Honey",
    "url": "https://www.woolworths.com.au/shop/productdetails/234086",
    "img": "https://cdn0.woolworths.media/content/wowproductimages/medium/234086.jpg",
    "price": 7.5,
    "quantity": 0.33,
    "unitPrice": 22.7
  },
  {
    "name": "White Wings Cake In A Cup Double Chocolate",
    "url": "https://www.woolworths.com.au/shop/productdetails/443382",
    "img": "https://cdn0.woolworths.media/content/wowproductimages/medium/443382.jpg",
    "price": 5,
    "quantity": 0.22,
    "unitPrice": 22.7
  },
  {
    "name": "White Wings Cake In A Cup Cinnamon Donut",
    "url": "https://www.woolworths.com.au/shop/productdetails/805852",
    "img": "https://cdn0.woolworths.media/content/wowproductimages/medium/805852.jpg",
    "price": 5,
    "quantity": 0.22,
    "unitPrice": 22.7
  },
  {
    "name": "Mt Elephant Double Choc Superfood Cookie Mix",
    "url": "https://www.woolworths.com.au/shop/productdetails/211628",
    "img": "https://cdn0.woolworths.media/content/wowproductimages/medium/211628.jpg",
    "price": 8.5,
    "quantity": 0.375,
    "unitPrice": 22.7
  },
  {
    "name": "Mt Elephant Banana Oat Superfood Cookie Mix",
    "url": "https://www.woolworths.com.au/shop/productdetails/212377",
    "img": "https://cdn0.woolworths.media/content/wowproductimages/medium/212377.jpg",
    "price": 8.5,
    "quantity": 0.375,
    "unitPrice": 22.7
  },
  {
    "name": "Original Oven Roasted Chicken Breast                                                                                ",
    "url": "https://www.coles.com.au/product/moira-mac's-original-oven-roasted-chicken-breast---------------------------------------------------------------------------------350g-2865262",
    "img": "https://productimages.coles.com.au/productimages/2/2865262.jpg",
    "price": 7.95,
    "quantity": 0.35,
    "unitPrice": 22.71
  },
  {
    "name": "BBQ Oven Roasted Chicken Breast",
    "url": "https://www.coles.com.au/product/moira-mac's-bbq-oven-roasted-chicken-breast-350g-2865273",
    "img": "https://productimages.coles.com.au/productimages/2/2865273.jpg",
    "price": 7.95,
    "quantity": 0.35,
    "unitPrice": 22.71
  },
  {
    "name": "Moira Mac's Portuguese Roasted Chicken Breast",
    "url": "https://www.woolworths.com.au/shop/productdetails/175691",
    "img": "https://cdn0.woolworths.media/content/wowproductimages/medium/175691.jpg",
    "price": 7.95,
    "quantity": 0.35,
    "unitPrice": 22.71
  },
  {
    "name": "Westacre Dairy Shredded Parmesan Cheese",
    "url": "https://www.aldi.com.au/en/groceries/fresh-produce/dairy-eggs/dairy-eggs-detail/ps/p/westacre-dairy-shredded-parmesan-cheese-250g/",
    "img": "https://www.aldi.com.au/fileadmin/_processed_/d/7/csm_1001605-3_1x1_Q4_WEB-AUDIT_DAIRY_228x128_10_17ec841a87.jpg",
    "price": 5.69,
    "quantity": 0.25,
    "unitPrice": 22.76
  },
  {
    "name": "Regular Cream Cheese Block",
    "url": "https://www.coles.com.au/product/philadelphia-regular-cream-cheese-block-250g-192502",
    "img": "https://productimages.coles.com.au/productimages/1/192502.jpg",
    "price": 5.7,
    "quantity": 0.25,
    "unitPrice": 22.8
  },
  {
    "name": "Light Cream Cheese Tub",
    "url": "https://www.coles.com.au/product/philadelphia-light-cream-cheese-tub-250g-350057",
    "img": "https://productimages.coles.com.au/productimages/3/350057.jpg",
    "price": 5.7,
    "quantity": 0.25,
    "unitPrice": 22.8
  },
  {
    "name": "Lactose Free Block",
    "url": "https://www.coles.com.au/product/philadelphia-lactose-free-block-250g-3575891",
    "img": "https://productimages.coles.com.au/productimages/3/3575891.jpg",
    "price": 5.7,
    "quantity": 0.25,
    "unitPrice": 22.8
  },
  {
    "name": "Soft Cream Cheese Tub",
    "url": "https://www.coles.com.au/product/philadelphia-soft-cream-cheese-tub-250g-5196114",
    "img": "https://productimages.coles.com.au/productimages/5/5196114.jpg",
    "price": 5.7,
    "quantity": 0.25,
    "unitPrice": 22.8
  },
  {
    "name": "Light Cream Cheese Block",
    "url": "https://www.coles.com.au/product/philadelphia-light-cream-cheese-block-250g-5590885",
    "img": "https://productimages.coles.com.au/productimages/5/5590885.jpg",
    "price": 5.7,
    "quantity": 0.25,
    "unitPrice": 22.8
  },
  {
    "name": "Eat Well Fusilli Chicken Mediterranean Veg Sauce",
    "url": "https://www.coles.com.au/product/coles-eat-well-fusilli-chicken-mediterranean-veg-sauce-390g-6479577",
    "img": "https://productimages.coles.com.au/productimages/6/6479577.jpg",
    "price": 8.9,
    "quantity": 0.39,
    "unitPrice": 22.8
  },
  {
    "name": "Baking Powder",
    "url": "https://www.coles.com.au/product/mckenzie's-baking-powder-125g-5110298",
    "img": "https://productimages.coles.com.au/productimages/5/5110298.jpg",
    "price": 2.85,
    "quantity": 0.125,
    "unitPrice": 22.8
  },
  {
    "name": "Baking Powder",
    "url": "https://www.coles.com.au/product/mckenzie's-baking-powder-125g-5110298",
    "img": "https://productimages.coles.com.au/productimages/5/5110298.jpg",
    "price": 2.85,
    "quantity": 0.125,
    "unitPrice": 22.8
  },
  {
    "name": "Smooth And Aromatic Medium Roast Ground Coffee",
    "url": "https://www.coles.com.au/product/lavazza-smooth-and-aromatic-medium-roast-ground-coffee-1kg-4965938",
    "img": "https://productimages.coles.com.au/productimages/4/4965938.jpg",
    "price": 22.8,
    "quantity": 1,
    "unitPrice": 22.8
  },
  {
    "name": "Medium Roast Smooth And Aromatic Coffee Beans",
    "url": "https://www.coles.com.au/product/lavazza-medium-roast-smooth-and-aromatic-coffee-beans-1kg-8967050",
    "img": "https://productimages.coles.com.au/productimages/8/8967050.jpg",
    "price": 22.8,
    "quantity": 1,
    "unitPrice": 22.8
  },
  {
    "name": "Chicken Noodle Bowl",
    "url": "https://www.coles.com.au/product/nissin-chicken-noodle-bowl-114g-1383700",
    "img": "https://productimages.coles.com.au/productimages/1/1383700.jpg",
    "price": 2.6,
    "quantity": 0.114,
    "unitPrice": 22.8
  },
  {
    "name": "Macro Natural Almond Spread",
    "url": "https://www.woolworths.com.au/shop/productdetails/357265",
    "img": "https://cdn0.woolworths.media/content/wowproductimages/medium/357265.jpg",
    "price": 5.7,
    "quantity": 0.25,
    "unitPrice": 22.8
  },
  {
    "name": "Macro Natural Brazil, Almond & Cashew Spread",
    "url": "https://www.woolworths.com.au/shop/productdetails/357269",
    "img": "https://cdn0.woolworths.media/content/wowproductimages/medium/357269.jpg",
    "price": 5.7,
    "quantity": 0.25,
    "unitPrice": 22.8
  },
  {
    "name": "Macro Natural Cashew Spread",
    "url": "https://www.woolworths.com.au/shop/productdetails/357267",
    "img": "https://cdn0.woolworths.media/content/wowproductimages/medium/357267.jpg",
    "price": 5.7,
    "quantity": 0.25,
    "unitPrice": 22.8
  },
  {
    "name": "Mckenzie's Baking Powder",
    "url": "https://www.woolworths.com.au/shop/productdetails/7932",
    "img": "https://cdn0.woolworths.media/content/wowproductimages/medium/007932.jpg",
    "price": 2.85,
    "quantity": 0.125,
    "unitPrice": 22.8
  },
  {
    "name": "Whiting Fish Finger",
    "url": "https://www.coles.com.au/product/birds-eye-whiting-fish-finger-350g-4505982",
    "img": "https://productimages.coles.com.au/productimages/4/4505982.jpg",
    "price": 8,
    "quantity": 0.35,
    "unitPrice": 22.86
  },
  {
    "name": "Whiting Fish Finger",
    "url": "https://www.coles.com.au/product/birds-eye-whiting-fish-finger-350g-4505982",
    "img": "https://productimages.coles.com.au/productimages/4/4505982.jpg",
    "price": 8,
    "quantity": 0.35,
    "unitPrice": 22.86
  },
  {
    "name": "Made Easy Butter Chicken Puff Pastry Parcel",
    "url": "https://www.coles.com.au/product/coles-made-easy-butter-chicken-puff-pastry-parcel-350g-6506590",
    "img": "https://productimages.coles.com.au/productimages/6/6506590.jpg",
    "price": 8,
    "quantity": 0.35,
    "unitPrice": 22.86
  },
  {
    "name": "Made Easy Roast Beef Crusted In Garlic",
    "url": "https://www.coles.com.au/product/coles-made-easy-roast-beef-crusted-in-garlic-700g-6413874",
    "img": "https://productimages.coles.com.au/productimages/6/6413874.jpg",
    "price": 16,
    "quantity": 0.7,
    "unitPrice": 22.86
  },
  {
    "name": "Woolworths Red Salmon",
    "url": "https://www.woolworths.com.au/shop/productdetails/220701",
    "img": "https://cdn0.woolworths.media/content/wowproductimages/medium/220701.jpg",
    "price": 9.5,
    "quantity": 0.415,
    "unitPrice": 22.89
  },
  {
    "name": "John West Salmon Pink",
    "url": "https://www.woolworths.com.au/shop/productdetails/73595",
    "img": "https://cdn0.woolworths.media/content/wowproductimages/medium/073595.jpg",
    "price": 9.5,
    "quantity": 0.415,
    "unitPrice": 22.89
  },
  {
    "name": "Woolworths Walnuts Californian",
    "url": "https://www.woolworths.com.au/shop/productdetails/726359",
    "img": "https://cdn0.woolworths.media/content/wowproductimages/medium/726359.jpg",
    "price": 4.35,
    "quantity": 0.19,
    "unitPrice": 22.89
  },
  {
    "name": "Kitchen Macaroni Cheese",
    "url": "https://www.coles.com.au/product/coles-kitchen-macaroni-cheese-350g-1728200",
    "img": "https://productimages.coles.com.au/productimages/1/1728200.jpg",
    "price": 8,
    "quantity": 0.35,
    "unitPrice": 22.9
  },
  {
    "name": "Kitchen Chicken Biryani",
    "url": "https://www.coles.com.au/product/coles-kitchen-chicken-biryani-350g-2389600",
    "img": "https://productimages.coles.com.au/productimages/2/2389600.jpg",
    "price": 8,
    "quantity": 0.35,
    "unitPrice": 22.9
  },
  {
    "name": "Kitchen Bolognese Bake",
    "url": "https://www.coles.com.au/product/coles-kitchen-bolognese-bake-350g-2680755",
    "img": "https://productimages.coles.com.au/productimages/2/2680755.jpg",
    "price": 8,
    "quantity": 0.35,
    "unitPrice": 22.9
  },
  {
    "name": "Kitchen Chicken & Bacon Pasta Bake",
    "url": "https://www.coles.com.au/product/coles-kitchen-chicken-&-bacon-pasta-bake-350g-2680766",
    "img": "https://productimages.coles.com.au/productimages/2/2680766.jpg",
    "price": 8,
    "quantity": 0.35,
    "unitPrice": 22.9
  },
  {
    "name": "Kitchen Braised Beef & Mash",
    "url": "https://www.coles.com.au/product/coles-kitchen-braised-beef-&-mash-350g-3467968",
    "img": "https://productimages.coles.com.au/productimages/3/3467968.jpg",
    "price": 8,
    "quantity": 0.35,
    "unitPrice": 22.9
  },
  {
    "name": "Kitchen Pumpkin Risotto",
    "url": "https://www.coles.com.au/product/coles-kitchen-pumpkin-risotto-350g-3467990",
    "img": "https://productimages.coles.com.au/productimages/3/3467990.jpg",
    "price": 8,
    "quantity": 0.35,
    "unitPrice": 22.9
  },
  {
    "name": "Kitchen Beef Stroganoff And Rice",
    "url": "https://www.coles.com.au/product/coles-kitchen-beef-stroganoff-and-rice-350g-3771109",
    "img": "https://productimages.coles.com.au/productimages/3/3771109.jpg",
    "price": 8,
    "quantity": 0.35,
    "unitPrice": 22.9
  },
  {
    "name": "Kitchen Spinach & Ricotta Cannelloni",
    "url": "https://www.coles.com.au/product/coles-kitchen-spinach-&-ricotta-cannelloni-350g-3771277",
    "img": "https://productimages.coles.com.au/productimages/3/3771277.jpg",
    "price": 8,
    "quantity": 0.35,
    "unitPrice": 22.9
  },
  {
    "name": "Kitchen Chicken Korma And Rice",
    "url": "https://www.coles.com.au/product/coles-kitchen-chicken-korma-and-rice-350g-3771368",
    "img": "https://productimages.coles.com.au/productimages/3/3771368.jpg",
    "price": 8,
    "quantity": 0.35,
    "unitPrice": 22.9
  },
  {
    "name": "Kitchen Pesto And Sundried Tomato Gnocchi",
    "url": "https://www.coles.com.au/product/coles-kitchen-pesto-and-sundried-tomato-gnocchi-350g-3903458",
    "img": "https://productimages.coles.com.au/productimages/3/3903458.jpg",
    "price": 8,
    "quantity": 0.35,
    "unitPrice": 22.9
  },
  {
    "name": "Kitchen Pepperoni Pasta Bake",
    "url": "https://www.coles.com.au/product/coles-kitchen-pepperoni-pasta-bake-350g-4217933",
    "img": "https://productimages.coles.com.au/productimages/4/4217933.jpg",
    "price": 8,
    "quantity": 0.35,
    "unitPrice": 22.9
  },
  {
    "name": "Kitchen Pulled Pork Mac N Cheese",
    "url": "https://www.coles.com.au/product/coles-kitchen-pulled-pork-mac-n-cheese-350g-5586800",
    "img": "https://productimages.coles.com.au/productimages/5/5586800.jpg",
    "price": 8,
    "quantity": 0.35,
    "unitPrice": 22.9
  },
  {
    "name": "Kitchen Cottage Pie",
    "url": "https://www.coles.com.au/product/coles-kitchen-cottage-pie-350g-5586833",
    "img": "https://productimages.coles.com.au/productimages/5/5586833.jpg",
    "price": 8,
    "quantity": 0.35,
    "unitPrice": 22.9
  },
  {
    "name": "Kitchen Chicken Leek Pie",
    "url": "https://www.coles.com.au/product/coles-kitchen-chicken-leek-pie-350g-5587111",
    "img": "https://productimages.coles.com.au/productimages/5/5587111.jpg",
    "price": 8,
    "quantity": 0.35,
    "unitPrice": 22.9
  },
  {
    "name": "Kitchen Chicken Pesto Pasta Bake",
    "url": "https://www.coles.com.au/product/coles-kitchen-chicken-pesto-pasta-bake-350g-6009880",
    "img": "https://productimages.coles.com.au/productimages/6/6009880.jpg",
    "price": 8,
    "quantity": 0.35,
    "unitPrice": 22.9
  },
  {
    "name": "Kitchen Butter Chicken",
    "url": "https://www.coles.com.au/product/coles-kitchen-butter-chicken-350g-7156915",
    "img": "https://productimages.coles.com.au/productimages/7/7156915.jpg",
    "price": 8,
    "quantity": 0.35,
    "unitPrice": 22.9
  },
  {
    "name": "Perform Build Lemon & Herb Chicken",
    "url": "https://www.coles.com.au/product/coles-perform-build-lemon-&-herb-chicken-435g-5070987",
    "img": "https://productimages.coles.com.au/productimages/5/5070987.jpg",
    "price": 9.95,
    "quantity": 0.435,
    "unitPrice": 22.9
  },
  {
    "name": "Frozen Plant Based Meal Spaghetti Bolognese",
    "url": "https://www.coles.com.au/product/plantry-frozen-plant-based-meal-spaghetti-bolognese-350g-3943485",
    "img": "https://productimages.coles.com.au/productimages/3/3943485.jpg",
    "price": 8,
    "quantity": 0.35,
    "unitPrice": 22.9
  },
  {
    "name": "Frozen Plant Based Meal Lasagna",
    "url": "https://www.coles.com.au/product/plantry-frozen-plant-based-meal-lasagna-350g-3943496",
    "img": "https://productimages.coles.com.au/productimages/3/3943496.jpg",
    "price": 8,
    "quantity": 0.35,
    "unitPrice": 22.9
  },
  {
    "name": "Frozen Plant Based Meal Pad Thai",
    "url": "https://www.coles.com.au/product/plantry-frozen-plant-based-meal-pad-thai-350g-3943521",
    "img": "https://productimages.coles.com.au/productimages/3/3943521.jpg",
    "price": 8,
    "quantity": 0.35,
    "unitPrice": 22.9
  },
  {
    "name": "Frozen Plant Based Teriyaki Meal",
    "url": "https://www.coles.com.au/product/plantry-frozen-plant-based-teriyaki-meal-350g-6038695",
    "img": "https://productimages.coles.com.au/productimages/6/6038695.jpg",
    "price": 8,
    "quantity": 0.35,
    "unitPrice": 22.9
  },
  {
    "name": "Plant Based Carbonara Meal",
    "url": "https://www.coles.com.au/product/plantry-plant-based-carbonara-meal-350g-7035150",
    "img": "https://productimages.coles.com.au/productimages/7/7035150.jpg",
    "price": 8,
    "quantity": 0.35,
    "unitPrice": 22.9
  },
  {
    "name": "Prawn Hargow",
    "url": "https://www.coles.com.au/product/mr-chen's-prawn-hargow-700g-5288100",
    "img": "https://productimages.coles.com.au/productimages/5/5288100.jpg",
    "price": 16,
    "quantity": 0.7,
    "unitPrice": 22.9
  },
  {
    "name": "Bbq Pork Dumplings",
    "url": "https://www.coles.com.au/product/mr-chen's-bbq-pork-dumplings-700g-5288110",
    "img": "https://productimages.coles.com.au/productimages/5/5288110.jpg",
    "price": 16,
    "quantity": 0.7,
    "unitPrice": 22.9
  },
  {
    "name": "Potato & Gravy Kyiv",
    "url": "https://www.coles.com.au/product/coles-potato-&-gravy-kyiv-240g-6543359",
    "img": "https://productimages.coles.com.au/productimages/6/6543359.jpg",
    "price": 5.5,
    "quantity": 0.24,
    "unitPrice": 22.9
  },
  {
    "name": "Topped Tiramisu",
    "url": "https://www.coles.com.au/product/ben-&-jerrys-topped-tiramisu-436ml-5488357",
    "img": "https://productimages.coles.com.au/productimages/5/5488357.jpg",
    "price": 10,
    "quantity": 0.436,
    "unitPrice": 22.9
  },
  {
    "name": "Topped PB Overtop",
    "url": "https://www.coles.com.au/product/ben-&-jerrys-topped-pb-overtop-436ml-5488404",
    "img": "https://productimages.coles.com.au/productimages/5/5488404.jpg",
    "price": 10,
    "quantity": 0.436,
    "unitPrice": 22.9
  },
  {
    "name": "Frozen Plant Based Meal Spaghetti Bolognese",
    "url": "https://www.coles.com.au/product/plantry-frozen-plant-based-meal-spaghetti-bolognese-350g-3943485",
    "img": "https://productimages.coles.com.au/productimages/3/3943485.jpg",
    "price": 8,
    "quantity": 0.35,
    "unitPrice": 22.9
  },
  {
    "name": "Frozen Plant Based Meal Lasagna",
    "url": "https://www.coles.com.au/product/plantry-frozen-plant-based-meal-lasagna-350g-3943496",
    "img": "https://productimages.coles.com.au/productimages/3/3943496.jpg",
    "price": 8,
    "quantity": 0.35,
    "unitPrice": 22.9
  },
  {
    "name": "Frozen Plant Based Meal Pad Thai",
    "url": "https://www.coles.com.au/product/plantry-frozen-plant-based-meal-pad-thai-350g-3943521",
    "img": "https://productimages.coles.com.au/productimages/3/3943521.jpg",
    "price": 8,
    "quantity": 0.35,
    "unitPrice": 22.9
  },
  {
    "name": "Frozen Plant Based Teriyaki Meal",
    "url": "https://www.coles.com.au/product/plantry-frozen-plant-based-teriyaki-meal-350g-6038695",
    "img": "https://productimages.coles.com.au/productimages/6/6038695.jpg",
    "price": 8,
    "quantity": 0.35,
    "unitPrice": 22.9
  },
  {
    "name": "Plant Based Carbonara Meal",
    "url": "https://www.coles.com.au/product/plantry-plant-based-carbonara-meal-350g-7035150",
    "img": "https://productimages.coles.com.au/productimages/7/7035150.jpg",
    "price": 8,
    "quantity": 0.35,
    "unitPrice": 22.9
  },
  {
    "name": "Prawn Hargow",
    "url": "https://www.coles.com.au/product/mr-chen's-prawn-hargow-700g-5288100",
    "img": "https://productimages.coles.com.au/productimages/5/5288100.jpg",
    "price": 16,
    "quantity": 0.7,
    "unitPrice": 22.9
  },
  {
    "name": "Bbq Pork Dumplings",
    "url": "https://www.coles.com.au/product/mr-chen's-bbq-pork-dumplings-700g-5288110",
    "img": "https://productimages.coles.com.au/productimages/5/5288110.jpg",
    "price": 16,
    "quantity": 0.7,
    "unitPrice": 22.9
  },
  {
    "name": "Potato & Gravy Kyiv",
    "url": "https://www.coles.com.au/product/coles-potato-&-gravy-kyiv-240g-6543359",
    "img": "https://productimages.coles.com.au/productimages/6/6543359.jpg",
    "price": 5.5,
    "quantity": 0.24,
    "unitPrice": 22.9
  },
  {
    "name": "Topped Tiramisu",
    "url": "https://www.coles.com.au/product/ben-&-jerrys-topped-tiramisu-436ml-5488357",
    "img": "https://productimages.coles.com.au/productimages/5/5488357.jpg",
    "price": 10,
    "quantity": 0.436,
    "unitPrice": 22.9
  },
  {
    "name": "Topped PB Overtop",
    "url": "https://www.coles.com.au/product/ben-&-jerrys-topped-pb-overtop-436ml-5488404",
    "img": "https://productimages.coles.com.au/productimages/5/5488404.jpg",
    "price": 10,
    "quantity": 0.436,
    "unitPrice": 22.9
  },
  {
    "name": "Edgell Snack Time Chickpea Olive Oil Garlic & Rosemary",
    "url": "https://www.woolworths.com.au/shop/productdetails/65617",
    "img": "https://cdn0.woolworths.media/content/wowproductimages/medium/065617.jpg",
    "price": 1.6,
    "quantity": 0.07,
    "unitPrice": 22.9
  },
  {
    "name": "Edgell Snack Time Chargrilled Corn Black Beans W Lime & Herbs 70g",
    "url": "https://www.woolworths.com.au/shop/productdetails/153220",
    "img": "https://cdn0.woolworths.media/content/wowproductimages/medium/153220.jpg",
    "price": 1.6,
    "quantity": 0.07,
    "unitPrice": 22.9
  },
  {
    "name": "Edgell Snack Time Chickpeas Salad Topper With Zesty Vinaigrette",
    "url": "https://www.woolworths.com.au/shop/productdetails/65618",
    "img": "https://cdn0.woolworths.media/content/wowproductimages/medium/065618.jpg",
    "price": 1.6,
    "quantity": 0.07,
    "unitPrice": 22.9
  },
  {
    "name": "Edgell Snack Time Chickpeas With Olive Oil & Sea Salt",
    "url": "https://www.woolworths.com.au/shop/productdetails/65619",
    "img": "https://cdn0.woolworths.media/content/wowproductimages/medium/065619.jpg",
    "price": 1.6,
    "quantity": 0.07,
    "unitPrice": 22.9
  },
  {
    "name": "Edgell Snack Time Black Beans Charred & Capsicum With Zesty Salsa",
    "url": "https://www.woolworths.com.au/shop/productdetails/220157",
    "img": "https://cdn0.woolworths.media/content/wowproductimages/medium/220157.jpg",
    "price": 1.6,
    "quantity": 0.07,
    "unitPrice": 22.9
  },
  {
    "name": "Edgell Snack Time Red Kidney Beans Salad Topper With Chilli",
    "url": "https://www.woolworths.com.au/shop/productdetails/65646",
    "img": "https://cdn0.woolworths.media/content/wowproductimages/medium/065646.jpg",
    "price": 1.6,
    "quantity": 0.07,
    "unitPrice": 22.9
  },
  {
    "name": "Edgell Snack Time Chickpeas With Lemon, Tahini & Garlic",
    "url": "https://www.woolworths.com.au/shop/productdetails/292952",
    "img": "https://cdn0.woolworths.media/content/wowproductimages/medium/292952.jpg",
    "price": 1.6,
    "quantity": 0.07,
    "unitPrice": 22.9
  },
  {
    "name": "Edgell Snack Time Sweet Corn Salad Topper With Capsicum & Lime",
    "url": "https://www.woolworths.com.au/shop/productdetails/288168",
    "img": "https://cdn0.woolworths.media/content/wowproductimages/medium/288168.jpg",
    "price": 1.6,
    "quantity": 0.07,
    "unitPrice": 22.9
  },
  {
    "name": "Edgell Snack Time Chickpeas With Fiery Moroccan Spices",
    "url": "https://www.woolworths.com.au/shop/productdetails/290761",
    "img": "https://cdn0.woolworths.media/content/wowproductimages/medium/290761.jpg",
    "price": 1.6,
    "quantity": 0.07,
    "unitPrice": 22.9
  },
  {
    "name": "Edgell Snack Time Chickpea Olive Oil Garlic & Rosemary",
    "url": "https://www.woolworths.com.au/shop/productdetails/65617",
    "img": "https://cdn0.woolworths.media/content/wowproductimages/medium/065617.jpg",
    "price": 1.6,
    "quantity": 0.07,
    "unitPrice": 22.9
  },
  {
    "name": "Edgell Snack Time Chargrilled Corn Black Beans W Lime & Herbs 70g",
    "url": "https://www.woolworths.com.au/shop/productdetails/153220",
    "img": "https://cdn0.woolworths.media/content/wowproductimages/medium/153220.jpg",
    "price": 1.6,
    "quantity": 0.07,
    "unitPrice": 22.9
  },
  {
    "name": "Edgell Snack Time Chickpeas Salad Topper With Zesty Vinaigrette",
    "url": "https://www.woolworths.com.au/shop/productdetails/65618",
    "img": "https://cdn0.woolworths.media/content/wowproductimages/medium/065618.jpg",
    "price": 1.6,
    "quantity": 0.07,
    "unitPrice": 22.9
  },
  {
    "name": "Edgell Snack Time Chickpeas With Olive Oil & Sea Salt",
    "url": "https://www.woolworths.com.au/shop/productdetails/65619",
    "img": "https://cdn0.woolworths.media/content/wowproductimages/medium/065619.jpg",
    "price": 1.6,
    "quantity": 0.07,
    "unitPrice": 22.9
  },
  {
    "name": "Edgell Snack Time Black Beans Charred & Capsicum With Zesty Salsa",
    "url": "https://www.woolworths.com.au/shop/productdetails/220157",
    "img": "https://cdn0.woolworths.media/content/wowproductimages/medium/220157.jpg",
    "price": 1.6,
    "quantity": 0.07,
    "unitPrice": 22.9
  },
  {
    "name": "Edgell Snack Time Red Kidney Beans Salad Topper With Chilli",
    "url": "https://www.woolworths.com.au/shop/productdetails/65646",
    "img": "https://cdn0.woolworths.media/content/wowproductimages/medium/065646.jpg",
    "price": 1.6,
    "quantity": 0.07,
    "unitPrice": 22.9
  },
  {
    "name": "Edgell Snack Time Chickpeas With Lemon, Tahini & Garlic",
    "url": "https://www.woolworths.com.au/shop/productdetails/292952",
    "img": "https://cdn0.woolworths.media/content/wowproductimages/medium/292952.jpg",
    "price": 1.6,
    "quantity": 0.07,
    "unitPrice": 22.9
  },
  {
    "name": "Edgell Snack Time Sweet Corn Salad Topper With Capsicum & Lime",
    "url": "https://www.woolworths.com.au/shop/productdetails/288168",
    "img": "https://cdn0.woolworths.media/content/wowproductimages/medium/288168.jpg",
    "price": 1.6,
    "quantity": 0.07,
    "unitPrice": 22.9
  },
  {
    "name": "Edgell Snack Time Chickpeas With Fiery Moroccan Spices",
    "url": "https://www.woolworths.com.au/shop/productdetails/290761",
    "img": "https://cdn0.woolworths.media/content/wowproductimages/medium/290761.jpg",
    "price": 1.6,
    "quantity": 0.07,
    "unitPrice": 22.9
  },
  {
    "name": "The Big Cheese Extra Large Mac & Cheese",
    "url": "https://www.woolworths.com.au/shop/productdetails/212792",
    "img": "https://cdn0.woolworths.media/content/wowproductimages/medium/212792.jpg",
    "price": 2.4,
    "quantity": 0.105,
    "unitPrice": 22.9
  },
  {
    "name": "Edgell Snack Time Chickpea Olive Oil Garlic & Rosemary",
    "url": "https://www.woolworths.com.au/shop/productdetails/65617",
    "img": "https://cdn0.woolworths.media/content/wowproductimages/medium/065617.jpg",
    "price": 1.6,
    "quantity": 0.07,
    "unitPrice": 22.9
  },
  {
    "name": "Edgell Snack Time Chargrilled Corn Black Beans W Lime & Herbs 70g",
    "url": "https://www.woolworths.com.au/shop/productdetails/153220",
    "img": "https://cdn0.woolworths.media/content/wowproductimages/medium/153220.jpg",
    "price": 1.6,
    "quantity": 0.07,
    "unitPrice": 22.9
  },
  {
    "name": "Edgell Snack Time Chickpeas Salad Topper With Zesty Vinaigrette",
    "url": "https://www.woolworths.com.au/shop/productdetails/65618",
    "img": "https://cdn0.woolworths.media/content/wowproductimages/medium/065618.jpg",
    "price": 1.6,
    "quantity": 0.07,
    "unitPrice": 22.9
  },
  {
    "name": "Edgell Snack Time Chickpeas With Olive Oil & Sea Salt",
    "url": "https://www.woolworths.com.au/shop/productdetails/65619",
    "img": "https://cdn0.woolworths.media/content/wowproductimages/medium/065619.jpg",
    "price": 1.6,
    "quantity": 0.07,
    "unitPrice": 22.9
  },
  {
    "name": "Edgell Snack Time Black Beans Charred & Capsicum With Zesty Salsa",
    "url": "https://www.woolworths.com.au/shop/productdetails/220157",
    "img": "https://cdn0.woolworths.media/content/wowproductimages/medium/220157.jpg",
    "price": 1.6,
    "quantity": 0.07,
    "unitPrice": 22.9
  },
  {
    "name": "Edgell Snack Time Red Kidney Beans Salad Topper With Chilli",
    "url": "https://www.woolworths.com.au/shop/productdetails/65646",
    "img": "https://cdn0.woolworths.media/content/wowproductimages/medium/065646.jpg",
    "price": 1.6,
    "quantity": 0.07,
    "unitPrice": 22.9
  },
  {
    "name": "Edgell Snack Time Chickpeas With Lemon, Tahini & Garlic",
    "url": "https://www.woolworths.com.au/shop/productdetails/292952",
    "img": "https://cdn0.woolworths.media/content/wowproductimages/medium/292952.jpg",
    "price": 1.6,
    "quantity": 0.07,
    "unitPrice": 22.9
  },
  {
    "name": "Edgell Snack Time Sweet Corn Salad Topper With Capsicum & Lime",
    "url": "https://www.woolworths.com.au/shop/productdetails/288168",
    "img": "https://cdn0.woolworths.media/content/wowproductimages/medium/288168.jpg",
    "price": 1.6,
    "quantity": 0.07,
    "unitPrice": 22.9
  },
  {
    "name": "Edgell Snack Time Chickpeas With Fiery Moroccan Spices",
    "url": "https://www.woolworths.com.au/shop/productdetails/290761",
    "img": "https://cdn0.woolworths.media/content/wowproductimages/medium/290761.jpg",
    "price": 1.6,
    "quantity": 0.07,
    "unitPrice": 22.9
  },
  {
    "name": "Capilano 100% Pure Australian Honey Organic Raw Squeeze",
    "url": "https://www.woolworths.com.au/shop/productdetails/728637",
    "img": "https://cdn0.woolworths.media/content/wowproductimages/medium/728637.jpg",
    "price": 7.8,
    "quantity": 0.34,
    "unitPrice": 22.9
  },
  {
    "name": "Sweet Pointed Capsicums",
    "url": "https://www.coles.com.au/product/coles-sweet-pointed-capsicums-240g-2680610",
    "img": "https://productimages.coles.com.au/productimages/2/2680610.jpg",
    "price": 5.5,
    "quantity": 0.24,
    "unitPrice": 22.92
  },
  {
    "name": "Sweet Pointed Capsicums",
    "url": "https://www.coles.com.au/product/coles-sweet-pointed-capsicums-240g-2680610",
    "img": "https://productimages.coles.com.au/productimages/2/2680610.jpg",
    "price": 5.5,
    "quantity": 0.24,
    "unitPrice": 22.92
  },
  {
    "name": "Deli Shaved Leg Ham",
    "url": "https://www.coles.com.au/product/thomson's-deli-shaved-leg-ham-100g-5005500",
    "img": "https://productimages.coles.com.au/productimages/5/5005500.jpg",
    "price": 2.3,
    "quantity": 0.1,
    "unitPrice": 23
  },
  {
    "name": "Californian Walnuts",
    "url": "https://www.coles.com.au/product/coles-californian-walnuts-150g-2749374",
    "img": "https://productimages.coles.com.au/productimages/2/2749374.jpg",
    "price": 3.45,
    "quantity": 0.15,
    "unitPrice": 23
  },
  {
    "name": "Californian Walnuts",
    "url": "https://www.coles.com.au/product/coles-californian-walnuts-150g-2749374",
    "img": "https://productimages.coles.com.au/productimages/2/2749374.jpg",
    "price": 3.45,
    "quantity": 0.15,
    "unitPrice": 23
  },
  {
    "name": "Sesame Seeds",
    "url": "https://www.coles.com.au/product/hoyts-sesame-seeds-230g-5448578",
    "img": "https://productimages.coles.com.au/productimages/5/5448578.jpg",
    "price": 5.2,
    "quantity": 0.23,
    "unitPrice": 23
  },
  {
    "name": "Sweet Potato Noodles",
    "url": "https://www.coles.com.au/product/obap-sweet-potato-noodles-100g-2017434",
    "img": "https://productimages.coles.com.au/productimages/2/2017434.jpg",
    "price": 2.3,
    "quantity": 0.1,
    "unitPrice": 23
  },
  {
    "name": "Japanese Fried Chicken Karage",
    "url": "https://www.coles.com.au/product/obento-japanese-fried-chicken-karage-100g-6156068",
    "img": "https://productimages.coles.com.au/productimages/6/6156068.jpg",
    "price": 2.3,
    "quantity": 0.1,
    "unitPrice": 23
  },
  {
    "name": "Yellow Chicken Powder",
    "url": "https://www.coles.com.au/product/knorr-yellow-chicken-powder-1-kg-4210945",
    "img": "https://productimages.coles.com.au/productimages/4/4210945.jpg",
    "price": 23,
    "quantity": 1,
    "unitPrice": 23
  },
  {
    "name": "Megamix Chewy Candy",
    "url": "https://www.coles.com.au/product/mike-&-ike-megamix-chewy-candy-141g-5445387",
    "img": "https://productimages.coles.com.au/productimages/5/5445387.jpg",
    "price": 3.25,
    "quantity": 0.141,
    "unitPrice": 23
  },
  {
    "name": "Megamix Chewy Candy Sour",
    "url": "https://www.coles.com.au/product/mike-&-ike-megamix-chewy-candy-sour-141g-5445434",
    "img": "https://productimages.coles.com.au/productimages/5/5445434.jpg",
    "price": 3.25,
    "quantity": 0.141,
    "unitPrice": 23
  },
  {
    "name": "Gluten Free Real Chicken Stock Powder Canned",
    "url": "https://www.coles.com.au/product/vegeta-gluten-free-real-chicken-stock-powder-canned-200g-8496985",
    "img": "https://productimages.coles.com.au/productimages/8/8496985.jpg",
    "price": 4.5,
    "quantity": 0.2,
    "unitPrice": 23
  },
  {
    "name": "Flora Proactiv Cholesterol Lowering Margarine Spread Original",
    "url": "https://www.woolworths.com.au/shop/productdetails/67594",
    "img": "https://cdn0.woolworths.media/content/wowproductimages/medium/067594.jpg",
    "price": 5.75,
    "quantity": 0.25,
    "unitPrice": 23
  },
  {
    "name": "Flora Proactiv Margarine Buttery",
    "url": "https://www.woolworths.com.au/shop/productdetails/580630",
    "img": "https://cdn0.woolworths.media/content/wowproductimages/medium/580630.jpg",
    "price": 5.75,
    "quantity": 0.25,
    "unitPrice": 23
  },
  {
    "name": "Mission Pizza Bases Round",
    "url": "https://www.woolworths.com.au/shop/productdetails/384987",
    "img": "https://cdn0.woolworths.media/content/wowproductimages/medium/384987.jpg",
    "price": 4.6,
    "quantity": 0.2,
    "unitPrice": 23
  },
  {
    "name": "Bertocchi Authentic Leg Ham Triple Smoked",
    "url": "https://www.woolworths.com.au/shop/productdetails/354374",
    "img": "https://cdn0.woolworths.media/content/wowproductimages/medium/354374.jpg",
    "price": 21.85,
    "quantity": 0.95,
    "unitPrice": 23
  },
  {
    "name": "Bertocchi Authentic Leg Ham Boneless",
    "url": "https://www.woolworths.com.au/shop/productdetails/255174",
    "img": "https://cdn0.woolworths.media/content/wowproductimages/medium/255174.jpg",
    "price": 23,
    "quantity": 1,
    "unitPrice": 23
  },
  {
    "name": "Hoyts Poppy Seed",
    "url": "https://www.woolworths.com.au/shop/productdetails/70361",
    "img": "https://cdn0.woolworths.media/content/wowproductimages/medium/070361.jpg",
    "price": 2.25,
    "quantity": 0.1,
    "unitPrice": 23
  },
  {
    "name": "Heart Salt Chicken Salt",
    "url": "https://www.woolworths.com.au/shop/productdetails/262729",
    "img": "https://cdn0.woolworths.media/content/wowproductimages/medium/262729.jpg",
    "price": 3,
    "quantity": 0.13,
    "unitPrice": 23
  },
  {
    "name": "Masterfoods Chicken Salt",
    "url": "https://www.woolworths.com.au/shop/productdetails/12344",
    "img": "https://cdn0.woolworths.media/content/wowproductimages/medium/012344.jpg",
    "price": 4.5,
    "quantity": 0.2,
    "unitPrice": 23
  },
  {
    "name": "Massel 7's Chicken Cubes Gluten Free",
    "url": "https://www.woolworths.com.au/shop/productdetails/794766",
    "img": "https://cdn0.woolworths.media/content/wowproductimages/medium/794766.jpg",
    "price": 0.8,
    "quantity": 0.035,
    "unitPrice": 23
  },
  {
    "name": "Massel 7's Beef Cubes Gluten Free",
    "url": "https://www.woolworths.com.au/shop/productdetails/794812",
    "img": "https://cdn0.woolworths.media/content/wowproductimages/medium/794812.jpg",
    "price": 0.8,
    "quantity": 0.035,
    "unitPrice": 23
  },
  {
    "name": "Massel 7's Cubes Gluten Free Vegetable",
    "url": "https://www.woolworths.com.au/shop/productdetails/505355",
    "img": "https://cdn0.woolworths.media/content/wowproductimages/medium/505355.jpg",
    "price": 0.8,
    "quantity": 0.035,
    "unitPrice": 23
  },
  {
    "name": "Dutch Maasdam",
    "url": "https://www.coles.com.au/product/coles-dutch-maasdam-260g-3796427",
    "img": "https://productimages.coles.com.au/productimages/3/3796427.jpg",
    "price": 6,
    "quantity": 0.26,
    "unitPrice": 23.08
  },
  {
    "name": "Birch & Waite Milk Chocolate Dessert Sauce",
    "url": "https://www.woolworths.com.au/shop/productdetails/669459",
    "img": "https://cdn0.woolworths.media/content/wowproductimages/medium/669459.jpg",
    "price": 3,
    "quantity": 0.13,
    "unitPrice": 23.08
  },
  {
    "name": "Mini Sweet Potato & Cashew Dip 3x65g",
    "url": "https://www.coles.com.au/product/yumi's-mini-sweet-potato-&-cashew-dip-3x65g-195g-3605507",
    "img": "https://productimages.coles.com.au/productimages/3/3605507.jpg",
    "price": 4.5,
    "quantity": 0.195,
    "unitPrice": 23.1
  },
  {
    "name": "Mini Avocado Dip 3x65g",
    "url": "https://www.coles.com.au/product/yumi's-mini-avocado-dip-3x65g-195g-3776678",
    "img": "https://productimages.coles.com.au/productimages/3/3776678.jpg",
    "price": 4.5,
    "quantity": 0.195,
    "unitPrice": 23.1
  },
  {
    "name": "Mini Roasted Capsicum & Cashew Dip 3 Pack",
    "url": "https://www.coles.com.au/product/yumi's-mini-roasted-capsicum-&-cashew-dip-3-pack-195g-3776703",
    "img": "https://productimages.coles.com.au/productimages/3/3776703.jpg",
    "price": 4.5,
    "quantity": 0.195,
    "unitPrice": 23.1
  },
  {
    "name": "Perform Build Chicken Pesto Gnocchi",
    "url": "https://www.coles.com.au/product/coles-perform-build-chicken-pesto-gnocchi-430g-5070921",
    "img": "https://productimages.coles.com.au/productimages/5/5070921.jpg",
    "price": 9.95,
    "quantity": 0.43,
    "unitPrice": 23.1
  },
  {
    "name": "Caramilk Baking Chips",
    "url": "https://www.coles.com.au/product/cadbury-caramilk-baking-chips-260g-3985452",
    "img": "https://productimages.coles.com.au/productimages/3/3985452.jpg",
    "price": 6,
    "quantity": 0.26,
    "unitPrice": 23.1
  },
  {
    "name": "Caramilk Baking Chips",
    "url": "https://www.coles.com.au/product/cadbury-caramilk-baking-chips-260g-3985452",
    "img": "https://productimages.coles.com.au/productimages/3/3985452.jpg",
    "price": 6,
    "quantity": 0.26,
    "unitPrice": 23.1
  },
  {
    "name": "Olive Oil Rusk",
    "url": "https://www.coles.com.au/product/olympian-olive-oil-rusk-260g-3736447",
    "img": "https://productimages.coles.com.au/productimages/3/3736447.jpg",
    "price": 6,
    "quantity": 0.26,
    "unitPrice": 23.1
  },
  {
    "name": "Street Kitchen North Indian Butter Chicken",
    "url": "https://www.coles.com.au/product/passage-foods-street-kitchen-north-indian-butter-chicken-255g-3477859",
    "img": "https://productimages.coles.com.au/productimages/3/3477859.jpg",
    "price": 5.9,
    "quantity": 0.255,
    "unitPrice": 23.1
  },
  {
    "name": "Street Kitchen Coconut Chicken Chettinad",
    "url": "https://www.coles.com.au/product/passage-foods-street-kitchen-coconut-chicken-chettinad-255g-3477860",
    "img": "https://productimages.coles.com.au/productimages/3/3477860.jpg",
    "price": 5.9,
    "quantity": 0.255,
    "unitPrice": 23.1
  },
  {
    "name": "Street Kitchen Punjabi Cashew Korma",
    "url": "https://www.coles.com.au/product/passage-foods-street-kitchen-punjabi-cashew-korma-255g-3477870",
    "img": "https://productimages.coles.com.au/productimages/3/3477870.jpg",
    "price": 5.9,
    "quantity": 0.255,
    "unitPrice": 23.1
  },
  {
    "name": "Frozen Ristorante Spinaci (Spinach) Pizza",
    "url": "https://www.coles.com.au/product/dr.-oetker-frozen-ristorante-spinaci-(spinach)-pizza-390g-7308048",
    "img": "https://productimages.coles.com.au/productimages/7/7308048.jpg",
    "price": 9,
    "quantity": 0.39,
    "unitPrice": 23.1
  },
  {
    "name": "Frozen Ristorante Spinaci (Spinach) Pizza",
    "url": "https://www.coles.com.au/product/dr.-oetker-frozen-ristorante-spinaci-(spinach)-pizza-390g-7308048",
    "img": "https://productimages.coles.com.au/productimages/7/7308048.jpg",
    "price": 9,
    "quantity": 0.39,
    "unitPrice": 23.1
  },
  {
    "name": "Cadbury Caramilk Baking Chips",
    "url": "https://www.woolworths.com.au/shop/productdetails/142137",
    "img": "https://cdn0.woolworths.media/content/wowproductimages/medium/142137.jpg",
    "price": 6,
    "quantity": 0.26,
    "unitPrice": 23.1
  },
  {
    "name": "Chocolate Silky Pot 2x95g",
    "url": "https://www.coles.com.au/product/fancy-plants-chocolate-silky-pot-2x95g-190g-3857667",
    "img": "https://productimages.coles.com.au/productimages/3/3857667.jpg",
    "price": 4.4,
    "quantity": 0.19,
    "unitPrice": 23.2
  },
  {
    "name": "Grated Cheese Perfect Pizza",
    "url": "https://www.coles.com.au/product/perfect-italiano-grated-cheese-perfect-pizza-250g-3273994",
    "img": "https://productimages.coles.com.au/productimages/3/3273994.jpg",
    "price": 5.8,
    "quantity": 0.25,
    "unitPrice": 23.2
  },
  {
    "name": "Grated Cheese Perfect Bakes",
    "url": "https://www.coles.com.au/product/perfect-italiano-grated-cheese-perfect-bakes-250g-3274024",
    "img": "https://productimages.coles.com.au/productimages/3/3274024.jpg",
    "price": 5.8,
    "quantity": 0.25,
    "unitPrice": 23.2
  },
  {
    "name": "Shredded Mozzarella",
    "url": "https://www.coles.com.au/product/perfect-italiano-shredded-mozzarella-250g-3562164",
    "img": "https://productimages.coles.com.au/productimages/3/3562164.jpg",
    "price": 5.8,
    "quantity": 0.25,
    "unitPrice": 23.2
  },
  {
    "name": "Mexican Blend Grated Cheese",
    "url": "https://www.coles.com.au/product/perfect-italiano-mexican-blend-grated-cheese-250g-3846139",
    "img": "https://productimages.coles.com.au/productimages/3/3846139.jpg",
    "price": 5.8,
    "quantity": 0.25,
    "unitPrice": 23.2
  },
  {
    "name": "Grated Cheese Perfect Melt",
    "url": "https://www.coles.com.au/product/perfect-italiano-grated-cheese-perfect-melt-250g-6138157",
    "img": "https://productimages.coles.com.au/productimages/6/6138157.jpg",
    "price": 5.8,
    "quantity": 0.25,
    "unitPrice": 23.2
  },
  {
    "name": "Corn Jumbo Taco Shells 10 pack",
    "url": "https://www.coles.com.au/product/old-el-paso-corn-jumbo-taco-shells-10-pack-190g-216247",
    "img": "https://productimages.coles.com.au/productimages/2/216247.jpg",
    "price": 4.4,
    "quantity": 0.19,
    "unitPrice": 23.2
  },
  {
    "name": "Raspberry Coconut Bars",
    "url": "https://www.coles.com.au/product/weis-raspberry-coconut-bars-280ml-3572930",
    "img": "https://productimages.coles.com.au/productimages/3/3572930.jpg",
    "price": 6.5,
    "quantity": 0.28,
    "unitPrice": 23.2
  },
  {
    "name": "Passionfruit Coconut Bars",
    "url": "https://www.coles.com.au/product/weis-passionfruit-coconut-bars-280ml-3572951",
    "img": "https://productimages.coles.com.au/productimages/3/3572951.jpg",
    "price": 6.5,
    "quantity": 0.28,
    "unitPrice": 23.2
  },
  {
    "name": "Fruit Ice Fruito Bars 4 pack",
    "url": "https://www.coles.com.au/product/weis-fruit-ice-fruito-bars-4-pack-280ml-424674",
    "img": "https://productimages.coles.com.au/productimages/4/424674.jpg",
    "price": 6.5,
    "quantity": 0.28,
    "unitPrice": 23.2
  },
  {
    "name": "Mango Ice Cream Bars 4 Pack",
    "url": "https://www.coles.com.au/product/weis-mango-ice-cream-bars-4-pack-280ml-424685",
    "img": "https://productimages.coles.com.au/productimages/4/424685.jpg",
    "price": 6.5,
    "quantity": 0.28,
    "unitPrice": 23.2
  },
  {
    "name": "Mango & Macadamia Ice Cream Bars 4 pack",
    "url": "https://www.coles.com.au/product/weis-mango-&-macadamia-ice-cream-bars-4-pack-280ml-4462755",
    "img": "https://productimages.coles.com.au/productimages/4/4462755.jpg",
    "price": 6.5,
    "quantity": 0.28,
    "unitPrice": 23.2
  },
  {
    "name": "Raspberry Coconut Bars",
    "url": "https://www.coles.com.au/product/weis-raspberry-coconut-bars-280ml-3572930",
    "img": "https://productimages.coles.com.au/productimages/3/3572930.jpg",
    "price": 6.5,
    "quantity": 0.28,
    "unitPrice": 23.2
  },
  {
    "name": "Passionfruit Coconut Bars",
    "url": "https://www.coles.com.au/product/weis-passionfruit-coconut-bars-280ml-3572951",
    "img": "https://productimages.coles.com.au/productimages/3/3572951.jpg",
    "price": 6.5,
    "quantity": 0.28,
    "unitPrice": 23.2
  },
  {
    "name": "Fruit Ice Fruito Bars 4 pack",
    "url": "https://www.coles.com.au/product/weis-fruit-ice-fruito-bars-4-pack-280ml-424674",
    "img": "https://productimages.coles.com.au/productimages/4/424674.jpg",
    "price": 6.5,
    "quantity": 0.28,
    "unitPrice": 23.2
  },
  {
    "name": "Mango Ice Cream Bars 4 Pack",
    "url": "https://www.coles.com.au/product/weis-mango-ice-cream-bars-4-pack-280ml-424685",
    "img": "https://productimages.coles.com.au/productimages/4/424685.jpg",
    "price": 6.5,
    "quantity": 0.28,
    "unitPrice": 23.2
  },
  {
    "name": "Mango & Macadamia Ice Cream Bars 4 pack",
    "url": "https://www.coles.com.au/product/weis-mango-&-macadamia-ice-cream-bars-4-pack-280ml-4462755",
    "img": "https://productimages.coles.com.au/productimages/4/4462755.jpg",
    "price": 6.5,
    "quantity": 0.28,
    "unitPrice": 23.2
  },
  {
    "name": "Lurpak Slightly Salted Butter",
    "url": "https://www.woolworths.com.au/shop/productdetails/223867",
    "img": "https://cdn0.woolworths.media/content/wowproductimages/medium/223867.jpg",
    "price": 5.8,
    "quantity": 0.25,
    "unitPrice": 23.2
  },
  {
    "name": "Lurpak Unsalted Butter",
    "url": "https://www.woolworths.com.au/shop/productdetails/223868",
    "img": "https://cdn0.woolworths.media/content/wowproductimages/medium/223868.jpg",
    "price": 5.8,
    "quantity": 0.25,
    "unitPrice": 23.2
  },
  {
    "name": "Red Kellys Balsamic Dressing",
    "url": "https://www.woolworths.com.au/shop/productdetails/343261",
    "img": "https://cdn0.woolworths.media/content/wowproductimages/medium/343261.jpg",
    "price": 5.8,
    "quantity": 0.25,
    "unitPrice": 23.2
  },
  {
    "name": "The Salad Servers Quinoa Tabbouleh",
    "url": "https://www.woolworths.com.au/shop/productdetails/157302",
    "img": "https://cdn0.woolworths.media/content/wowproductimages/medium/157302.jpg",
    "price": 6.95,
    "quantity": 0.3,
    "unitPrice": 23.2
  },
  {
    "name": "Old Time Bakery Gluten Free Lebanese Bread",
    "url": "https://www.woolworths.com.au/shop/productdetails/66366",
    "img": "https://cdn0.woolworths.media/content/wowproductimages/medium/066366.jpg",
    "price": 6.5,
    "quantity": 0.28,
    "unitPrice": 23.2
  },
  {
    "name": "Japanese Style Tempura Batter Hoki Fillet",
    "url": "https://www.coles.com.au/product/sealord-japanese-style-tempura-batter-hoki-fillet-280g-4506690",
    "img": "https://productimages.coles.com.au/productimages/4/4506690.jpg",
    "price": 6.5,
    "quantity": 0.28,
    "unitPrice": 23.21
  },
  {
    "name": "Japanese Style Tempura Batter Hoki Fillet",
    "url": "https://www.coles.com.au/product/sealord-japanese-style-tempura-batter-hoki-fillet-280g-4506690",
    "img": "https://productimages.coles.com.au/productimages/4/4506690.jpg",
    "price": 6.5,
    "quantity": 0.28,
    "unitPrice": 23.21
  },
  {
    "name": "Red Glace Cherries",
    "url": "https://www.coles.com.au/product/winn-red-glace-cherries-200g-2140984",
    "img": "https://productimages.coles.com.au/productimages/2/2140984.jpg",
    "price": 4.65,
    "quantity": 0.2,
    "unitPrice": 23.25
  },
  {
    "name": "Red Glace Cherries",
    "url": "https://www.coles.com.au/product/winn-red-glace-cherries-200g-2140984",
    "img": "https://productimages.coles.com.au/productimages/2/2140984.jpg",
    "price": 4.65,
    "quantity": 0.2,
    "unitPrice": 23.25
  },
  {
    "name": "Winn Cherries Red Glace",
    "url": "https://www.woolworths.com.au/shop/productdetails/383039",
    "img": "https://cdn0.woolworths.media/content/wowproductimages/medium/383039.jpg",
    "price": 4.65,
    "quantity": 0.2,
    "unitPrice": 23.25
  },
  {
    "name": "Marinated Cheese",
    "url": "https://www.coles.com.au/product/moondarra-marinated-cheese-430g-6845438",
    "img": "https://productimages.coles.com.au/productimages/6/6845438.jpg",
    "price": 10,
    "quantity": 0.43,
    "unitPrice": 23.26
  },
  {
    "name": "Granola",
    "url": "https://www.coles.com.au/product/grain-free-granola-300g-5203479",
    "img": "https://productimages.coles.com.au/productimages/5/5203479.jpg",
    "price": 7,
    "quantity": 0.3,
    "unitPrice": 23.3
  },
  {
    "name": "Granola",
    "url": "https://www.coles.com.au/product/grain-free-granola-300g-5203479",
    "img": "https://productimages.coles.com.au/productimages/5/5203479.jpg",
    "price": 7,
    "quantity": 0.3,
    "unitPrice": 23.3
  },
  {
    "name": "Frozen Chocolate Lava Cake 2 pack",
    "url": "https://www.coles.com.au/product/coles-frozen-chocolate-lava-cake-2-pack-180g-3919094",
    "img": "https://productimages.coles.com.au/productimages/3/3919094.jpg",
    "price": 4.2,
    "quantity": 0.18,
    "unitPrice": 23.3
  },
  {
    "name": "Plant Based Smokey BBQ Burger 4 Pack",
    "url": "https://www.coles.com.au/product/vegie-delights-plant-based-smokey-bbq-burger-4-pack-300g-1329056",
    "img": "https://productimages.coles.com.au/productimages/1/1329056.jpg",
    "price": 7,
    "quantity": 0.3,
    "unitPrice": 23.3
  },
  {
    "name": "Plant Based Chicken Style Burgers 4 Pack",
    "url": "https://www.coles.com.au/product/vegie-delights-plant-based-chicken-style-burgers-4-pack-300g-3218271",
    "img": "https://productimages.coles.com.au/productimages/3/3218271.jpg",
    "price": 7,
    "quantity": 0.3,
    "unitPrice": 23.3
  },
  {
    "name": "Plant Based Not Burger",
    "url": "https://www.coles.com.au/product/vegie-delights-plant-based-not-burger-300g-3994533",
    "img": "https://productimages.coles.com.au/productimages/3/3994533.jpg",
    "price": 7,
    "quantity": 0.3,
    "unitPrice": 23.3
  },
  {
    "name": "Plant Based Schnitzels 4 Pack",
    "url": "https://www.coles.com.au/product/vegie-delights-plant-based-schnitzels-4-pack-300g-4575140",
    "img": "https://productimages.coles.com.au/productimages/4/4575140.jpg",
    "price": 7,
    "quantity": 0.3,
    "unitPrice": 23.3
  },
  {
    "name": "Vegie Delights Plant Based Lentil Burgers 4 Pack",
    "url": "https://www.coles.com.au/product/vegie-delights-vegie-delights-plant-based-lentil-burgers-4-pack-300g-5173607",
    "img": "https://productimages.coles.com.au/productimages/5/5173607.jpg",
    "price": 7,
    "quantity": 0.3,
    "unitPrice": 23.3
  },
  {
    "name": "I M Free From Party Pack",
    "url": "https://www.coles.com.au/product/coles-i-m-free-from-party-pack-480g-3956421",
    "img": "https://productimages.coles.com.au/productimages/3/3956421.jpg",
    "price": 11.2,
    "quantity": 0.48,
    "unitPrice": 23.3
  },
  {
    "name": "Frozen Chocolate Lava Cake 2 pack",
    "url": "https://www.coles.com.au/product/coles-frozen-chocolate-lava-cake-2-pack-180g-3919094",
    "img": "https://productimages.coles.com.au/productimages/3/3919094.jpg",
    "price": 4.2,
    "quantity": 0.18,
    "unitPrice": 23.3
  },
  {
    "name": "Plant Based Smokey BBQ Burger 4 Pack",
    "url": "https://www.coles.com.au/product/vegie-delights-plant-based-smokey-bbq-burger-4-pack-300g-1329056",
    "img": "https://productimages.coles.com.au/productimages/1/1329056.jpg",
    "price": 7,
    "quantity": 0.3,
    "unitPrice": 23.3
  },
  {
    "name": "Plant Based Chicken Style Burgers 4 Pack",
    "url": "https://www.coles.com.au/product/vegie-delights-plant-based-chicken-style-burgers-4-pack-300g-3218271",
    "img": "https://productimages.coles.com.au/productimages/3/3218271.jpg",
    "price": 7,
    "quantity": 0.3,
    "unitPrice": 23.3
  },
  {
    "name": "Plant Based Not Burger",
    "url": "https://www.coles.com.au/product/vegie-delights-plant-based-not-burger-300g-3994533",
    "img": "https://productimages.coles.com.au/productimages/3/3994533.jpg",
    "price": 7,
    "quantity": 0.3,
    "unitPrice": 23.3
  },
  {
    "name": "Plant Based Schnitzels 4 Pack",
    "url": "https://www.coles.com.au/product/vegie-delights-plant-based-schnitzels-4-pack-300g-4575140",
    "img": "https://productimages.coles.com.au/productimages/4/4575140.jpg",
    "price": 7,
    "quantity": 0.3,
    "unitPrice": 23.3
  },
  {
    "name": "Vegie Delights Plant Based Lentil Burgers 4 Pack",
    "url": "https://www.coles.com.au/product/vegie-delights-vegie-delights-plant-based-lentil-burgers-4-pack-300g-5173607",
    "img": "https://productimages.coles.com.au/productimages/5/5173607.jpg",
    "price": 7,
    "quantity": 0.3,
    "unitPrice": 23.3
  },
  {
    "name": "I M Free From Party Pack",
    "url": "https://www.coles.com.au/product/coles-i-m-free-from-party-pack-480g-3956421",
    "img": "https://productimages.coles.com.au/productimages/3/3956421.jpg",
    "price": 11.2,
    "quantity": 0.48,
    "unitPrice": 23.3
  },
  {
    "name": "Woolworths Pastry Flan Case",
    "url": "https://www.woolworths.com.au/shop/productdetails/94441",
    "img": "https://cdn0.woolworths.media/content/wowproductimages/medium/094441.jpg",
    "price": 3.5,
    "quantity": 0.15,
    "unitPrice": 23.3
  },
  {
    "name": "Continental Classics Pasta & Sauce Chicken Curry Family Pack",
    "url": "https://www.woolworths.com.au/shop/productdetails/761555",
    "img": "https://cdn0.woolworths.media/content/wowproductimages/medium/761555.jpg",
    "price": 3.5,
    "quantity": 0.15,
    "unitPrice": 23.3
  },
  {
    "name": "Kellogg's Special K Original Breakfast Cereal",
    "url": "https://www.woolworths.com.au/shop/productdetails/701639",
    "img": "https://cdn0.woolworths.media/content/wowproductimages/medium/701639.jpg",
    "price": 7,
    "quantity": 0.3,
    "unitPrice": 23.3
  },
  {
    "name": "Amoy Dark Soy Sauce Dark Soy",
    "url": "https://www.woolworths.com.au/shop/productdetails/743979",
    "img": "https://cdn0.woolworths.media/content/wowproductimages/medium/743979.jpg",
    "price": 3.5,
    "quantity": 0.15,
    "unitPrice": 23.3
  },
  {
    "name": "Beerenberg Roadhouse Steak Sauce",
    "url": "https://www.woolworths.com.au/shop/productdetails/475350",
    "img": "https://cdn0.woolworths.media/content/wowproductimages/medium/475350.jpg",
    "price": 7,
    "quantity": 0.3,
    "unitPrice": 23.3
  },
  {
    "name": "Sugar Snap Peas Medium",
    "url": "https://www.coles.com.au/product/coles-sugar-snap-peas-medium-150g-4619289",
    "img": "https://productimages.coles.com.au/productimages/4/4619289.jpg",
    "price": 3.5,
    "quantity": 0.15,
    "unitPrice": 23.33
  },
  {
    "name": "Snow Peas Medium",
    "url": "https://www.coles.com.au/product/coles-snow-peas-medium-150g-4628326",
    "img": "https://productimages.coles.com.au/productimages/4/4628326.jpg",
    "price": 3.5,
    "quantity": 0.15,
    "unitPrice": 23.33
  },
  {
    "name": "Sugar Snap Peas Medium",
    "url": "https://www.coles.com.au/product/coles-sugar-snap-peas-medium-150g-4619289",
    "img": "https://productimages.coles.com.au/productimages/4/4619289.jpg",
    "price": 3.5,
    "quantity": 0.15,
    "unitPrice": 23.33
  },
  {
    "name": "Snow Peas Medium",
    "url": "https://www.coles.com.au/product/coles-snow-peas-medium-150g-4628326",
    "img": "https://productimages.coles.com.au/productimages/4/4628326.jpg",
    "price": 3.5,
    "quantity": 0.15,
    "unitPrice": 23.33
  },
  {
    "name": "Dairy Haloumi",
    "url": "https://www.coles.com.au/product/riverina-dairy-haloumi-900g-3757163",
    "img": "https://productimages.coles.com.au/productimages/3/3757163.jpg",
    "price": 21,
    "quantity": 0.9,
    "unitPrice": 23.33
  },
  {
    "name": "Oob Organic Frozen Blueberries",
    "url": "https://www.woolworths.com.au/shop/productdetails/931859",
    "img": "https://cdn0.woolworths.media/content/wowproductimages/medium/931859.jpg",
    "price": 10.5,
    "quantity": 0.45,
    "unitPrice": 23.33
  },
  {
    "name": "Perform Lean Peri Peri Chicken",
    "url": "https://www.coles.com.au/product/coles-perform-lean-peri-peri-chicken-380g-5587122",
    "img": "https://productimages.coles.com.au/productimages/5/5587122.jpg",
    "price": 8.9,
    "quantity": 0.38,
    "unitPrice": 23.4
  },
  {
    "name": "Eat Well Spinach Ricotta Agnolotti",
    "url": "https://www.coles.com.au/product/coles-eat-well-spinach-ricotta-agnolotti-380g-6479840",
    "img": "https://productimages.coles.com.au/productimages/6/6479840.jpg",
    "price": 8.9,
    "quantity": 0.38,
    "unitPrice": 23.4
  },
  {
    "name": "Ristorante Vegetale Pizza",
    "url": "https://www.coles.com.au/product/dr-oetker-ristorante-vegetale-pizza-385g-5033357",
    "img": "https://productimages.coles.com.au/productimages/5/5033357.jpg",
    "price": 9,
    "quantity": 0.385,
    "unitPrice": 23.4
  },
  {
    "name": "Ice Cream Hazelnut In Chocolate Sundae",
    "url": "https://www.coles.com.au/product/ben-&-jerrys-ice-cream-hazelnut-in-chocolate-sundae-427ml-6159317",
    "img": "https://productimages.coles.com.au/productimages/6/6159317.jpg",
    "price": 10,
    "quantity": 0.427,
    "unitPrice": 23.4
  },
  {
    "name": "Non Dairy Berry Revolutionry Sundae",
    "url": "https://www.coles.com.au/product/ben-&-jerrys-non-dairy-berry-revolutionry-sundae-427ml-6159339",
    "img": "https://productimages.coles.com.au/productimages/6/6159339.jpg",
    "price": 10,
    "quantity": 0.427,
    "unitPrice": 23.4
  },
  {
    "name": "Ice Cream Banofee Pie Sundae",
    "url": "https://www.coles.com.au/product/ben-&-jerry's-ice-cream-banofee-pie-sundae-427ml-6758424",
    "img": "https://productimages.coles.com.au/productimages/6/6758424.jpg",
    "price": 10,
    "quantity": 0.427,
    "unitPrice": 23.4
  },
  {
    "name": "Ristorante Vegetale Pizza",
    "url": "https://www.coles.com.au/product/dr-oetker-ristorante-vegetale-pizza-385g-5033357",
    "img": "https://productimages.coles.com.au/productimages/5/5033357.jpg",
    "price": 9,
    "quantity": 0.385,
    "unitPrice": 23.4
  },
  {
    "name": "Ice Cream Hazelnut In Chocolate Sundae",
    "url": "https://www.coles.com.au/product/ben-&-jerrys-ice-cream-hazelnut-in-chocolate-sundae-427ml-6159317",
    "img": "https://productimages.coles.com.au/productimages/6/6159317.jpg",
    "price": 10,
    "quantity": 0.427,
    "unitPrice": 23.4
  },
  {
    "name": "Non Dairy Berry Revolutionry Sundae",
    "url": "https://www.coles.com.au/product/ben-&-jerrys-non-dairy-berry-revolutionry-sundae-427ml-6159339",
    "img": "https://productimages.coles.com.au/productimages/6/6159339.jpg",
    "price": 10,
    "quantity": 0.427,
    "unitPrice": 23.4
  },
  {
    "name": "Ice Cream Banofee Pie Sundae",
    "url": "https://www.coles.com.au/product/ben-&-jerry's-ice-cream-banofee-pie-sundae-427ml-6758424",
    "img": "https://productimages.coles.com.au/productimages/6/6758424.jpg",
    "price": 10,
    "quantity": 0.427,
    "unitPrice": 23.4
  },
  {
    "name": "Vegemite Salt Reduced 40% Less Salt",
    "url": "https://www.woolworths.com.au/shop/productdetails/97722",
    "img": "https://cdn0.woolworths.media/content/wowproductimages/medium/097722.jpg",
    "price": 5.5,
    "quantity": 0.235,
    "unitPrice": 23.4
  },
  {
    "name": "Vegemite Gluten Free Spread",
    "url": "https://www.woolworths.com.au/shop/productdetails/840274",
    "img": "https://cdn0.woolworths.media/content/wowproductimages/medium/840274.jpg",
    "price": 5.5,
    "quantity": 0.235,
    "unitPrice": 23.4
  },
  {
    "name": "Tabasco Sriracha Sauce",
    "url": "https://www.woolworths.com.au/shop/productdetails/79955",
    "img": "https://cdn0.woolworths.media/content/wowproductimages/medium/079955.jpg",
    "price": 6,
    "quantity": 0.256,
    "unitPrice": 23.4
  },
  {
    "name": "Continental Classics Pasta & Sauce Creamy Bacon Carbonara",
    "url": "https://www.woolworths.com.au/shop/productdetails/230946",
    "img": "https://cdn0.woolworths.media/content/wowproductimages/medium/230946.jpg",
    "price": 2,
    "quantity": 0.085,
    "unitPrice": 23.5
  },
  {
    "name": "Continental Classics Pasta & Sauce Alfredo Serves 2",
    "url": "https://www.woolworths.com.au/shop/productdetails/230945",
    "img": "https://cdn0.woolworths.media/content/wowproductimages/medium/230945.jpg",
    "price": 2,
    "quantity": 0.085,
    "unitPrice": 23.5
  },
  {
    "name": "Continental Classics Pasta & Sauce Sour Cream & Chives Serves 2",
    "url": "https://www.woolworths.com.au/shop/productdetails/230924",
    "img": "https://cdn0.woolworths.media/content/wowproductimages/medium/230924.jpg",
    "price": 2,
    "quantity": 0.085,
    "unitPrice": 23.5
  },
  {
    "name": "Arnott's Gluten Free Scotch Finger Biscuits",
    "url": "https://www.woolworths.com.au/shop/productdetails/169009",
    "img": "https://cdn0.woolworths.media/content/wowproductimages/medium/169009.jpg",
    "price": 4,
    "quantity": 0.17,
    "unitPrice": 23.5
  },
  {
    "name": "Mccormick Air Fryer Korean Style Fried Chicken Recipe Base",
    "url": "https://www.woolworths.com.au/shop/productdetails/219108",
    "img": "https://cdn0.woolworths.media/content/wowproductimages/medium/219108.jpg",
    "price": 2,
    "quantity": 0.085,
    "unitPrice": 23.5
  },
  {
    "name": "Lee Kum Kee Premium Oyster Sauce",
    "url": "https://www.woolworths.com.au/shop/productdetails/341297",
    "img": "https://cdn0.woolworths.media/content/wowproductimages/medium/341297.jpg",
    "price": 6,
    "quantity": 0.255,
    "unitPrice": 23.5
  },
  {
    "name": "Kitchen 8 Leaf Blend",
    "url": "https://www.coles.com.au/product/coles-kitchen-8-leaf-blend-170g-4462380",
    "img": "https://productimages.coles.com.au/productimages/4/4462380.jpg",
    "price": 4,
    "quantity": 0.17,
    "unitPrice": 23.53
  },
  {
    "name": "Kitchen 8 Leaf Blend",
    "url": "https://www.coles.com.au/product/coles-kitchen-8-leaf-blend-170g-4462380",
    "img": "https://productimages.coles.com.au/productimages/4/4462380.jpg",
    "price": 4,
    "quantity": 0.17,
    "unitPrice": 23.53
  },
  {
    "name": "Woolworths Beef T Bone Steak Medium",
    "url": "https://www.woolworths.com.au/shop/productdetails/675651",
    "img": "https://cdn0.woolworths.media/content/wowproductimages/medium/675651.jpg",
    "price": 16.5,
    "quantity": 0.7,
    "unitPrice": 23.57
  },
  {
    "name": "Biscota With Cocoa",
    "url": "https://www.coles.com.au/product/olympian-biscota-with-cocoa-250g-3083343",
    "img": "https://productimages.coles.com.au/productimages/3/3083343.jpg",
    "price": 5.9,
    "quantity": 0.25,
    "unitPrice": 23.6
  },
  {
    "name": "Sesame Oil Flavour Instant Noodles",
    "url": "https://www.coles.com.au/product/nissin-sesame-oil-flavour-instant-noodles-110g-1383630",
    "img": "https://productimages.coles.com.au/productimages/1/1383630.jpg",
    "price": 2.6,
    "quantity": 0.11,
    "unitPrice": 23.6
  },
  {
    "name": "Perform Build Chicken Stroganoff",
    "url": "https://www.coles.com.au/product/coles-perform-build-chicken-stroganoff-420g-5070965",
    "img": "https://productimages.coles.com.au/productimages/5/5070965.jpg",
    "price": 9.95,
    "quantity": 0.42,
    "unitPrice": 23.7
  },
  {
    "name": "Sushi Kit",
    "url": "https://www.coles.com.au/product/obento-sushi-kit-540g-4680552",
    "img": "https://productimages.coles.com.au/productimages/4/4680552.jpg",
    "price": 12.8,
    "quantity": 0.54,
    "unitPrice": 23.7
  },
  {
    "name": "Pad Thai Cooking Kit",
    "url": "https://www.coles.com.au/product/marion's-kitchen-pad-thai-cooking-kit-358g-8735791",
    "img": "https://productimages.coles.com.au/productimages/8/8735791.jpg",
    "price": 8.5,
    "quantity": 0.358,
    "unitPrice": 23.7
  },
  {
    "name": "Pad Thai Cooking Kit",
    "url": "https://www.coles.com.au/product/marion's-kitchen-pad-thai-cooking-kit-358g-8735791",
    "img": "https://productimages.coles.com.au/productimages/8/8735791.jpg",
    "price": 8.5,
    "quantity": 0.358,
    "unitPrice": 23.7
  },
  {
    "name": "Jamie Oliver Green Pesto",
    "url": "https://www.woolworths.com.au/shop/productdetails/724084",
    "img": "https://cdn0.woolworths.media/content/wowproductimages/medium/724084.jpg",
    "price": 4.5,
    "quantity": 0.19,
    "unitPrice": 23.7
  },
  {
    "name": "Jamie Oliver Pesto Chilli And Garlic",
    "url": "https://www.woolworths.com.au/shop/productdetails/774320",
    "img": "https://cdn0.woolworths.media/content/wowproductimages/medium/774320.jpg",
    "price": 4.5,
    "quantity": 0.19,
    "unitPrice": 23.7
  },
  {
    "name": "Jamie Oliver Italian Herb Pesto Italian Herb",
    "url": "https://www.woolworths.com.au/shop/productdetails/724090",
    "img": "https://cdn0.woolworths.media/content/wowproductimages/medium/724090.jpg",
    "price": 4.5,
    "quantity": 0.19,
    "unitPrice": 23.7
  },
  {
    "name": "La Molisana Pesto Al Basilico",
    "url": "https://www.woolworths.com.au/shop/productdetails/185963",
    "img": "https://cdn0.woolworths.media/content/wowproductimages/medium/185963.jpg",
    "price": 4.5,
    "quantity": 0.19,
    "unitPrice": 23.7
  },
  {
    "name": "La Molisana Pesto Rosso",
    "url": "https://www.woolworths.com.au/shop/productdetails/185962",
    "img": "https://cdn0.woolworths.media/content/wowproductimages/medium/185962.jpg",
    "price": 4.5,
    "quantity": 0.19,
    "unitPrice": 23.7
  },
  {
    "name": "Nestle Bakers Choice Cocoa",
    "url": "https://www.woolworths.com.au/shop/productdetails/755111",
    "img": "https://cdn0.woolworths.media/content/wowproductimages/medium/755111.jpg",
    "price": 4.5,
    "quantity": 0.19,
    "unitPrice": 23.7
  },
  {
    "name": "Woolworths Roasted Garlic Chicken Tenderloins",
    "url": "https://www.woolworths.com.au/shop/productdetails/164677",
    "img": "https://cdn0.woolworths.media/content/wowproductimages/medium/164677.jpg",
    "price": 9.5,
    "quantity": 0.4,
    "unitPrice": 23.75
  },
  {
    "name": "Macro Free Range Chicken Breast Tenders",
    "url": "https://www.woolworths.com.au/shop/productdetails/178505",
    "img": "https://cdn0.woolworths.media/content/wowproductimages/medium/178505.jpg",
    "price": 9.5,
    "quantity": 0.4,
    "unitPrice": 23.75
  },
  {
    "name": "Sunsweet Pitted Prunes",
    "url": "https://www.woolworths.com.au/shop/productdetails/460947",
    "img": "https://cdn0.woolworths.media/content/wowproductimages/medium/460947.jpg",
    "price": 9.5,
    "quantity": 0.4,
    "unitPrice": 23.75
  },
  {
    "name": "John West Tuna With Roast Capsicum & 3 Beans",
    "url": "https://www.woolworths.com.au/shop/productdetails/319476",
    "img": "https://cdn0.woolworths.media/content/wowproductimages/medium/319476.jpg",
    "price": 4.4,
    "quantity": 0.185,
    "unitPrice": 23.78
  },
  {
    "name": "John West Tuna Beans Capsicum Corn & Chilli",
    "url": "https://www.woolworths.com.au/shop/productdetails/329004",
    "img": "https://cdn0.woolworths.media/content/wowproductimages/medium/329004.jpg",
    "price": 4.4,
    "quantity": 0.185,
    "unitPrice": 23.78
  },
  {
    "name": "John West Tuna & 3 Beans",
    "url": "https://www.woolworths.com.au/shop/productdetails/319475",
    "img": "https://cdn0.woolworths.media/content/wowproductimages/medium/319475.jpg",
    "price": 4.4,
    "quantity": 0.185,
    "unitPrice": 23.78
  },
  {
    "name": "Beef Ragu Fettucine",
    "url": "https://www.coles.com.au/product/coles-finest-beef-ragu-fettucine-400g-3771540",
    "img": "https://productimages.coles.com.au/productimages/3/3771540.jpg",
    "price": 9.5,
    "quantity": 0.4,
    "unitPrice": 23.8
  },
  {
    "name": "Gluten Free Chicken Brown Rice Noodle",
    "url": "https://www.coles.com.au/product/coles-gluten-free-chicken-brown-rice-noodle-210g-3410326",
    "img": "https://productimages.coles.com.au/productimages/3/3410326.jpg",
    "price": 5,
    "quantity": 0.21,
    "unitPrice": 23.8
  },
  {
    "name": "Undivided Food Co Good Sugo Napoli Sauce 375g",
    "url": "https://www.woolworths.com.au/shop/productdetails/1073865591",
    "img": "https://cdn0.woolworths.media/content/wowproductimages/medium/1073865591.jpg",
    "price": 8.92,
    "quantity": 0.375,
    "unitPrice": 23.8
  },
  {
    "name": "King Oscar Sardines Tomato Sauce Single Layer",
    "url": "https://www.woolworths.com.au/shop/productdetails/33459",
    "img": "https://cdn0.woolworths.media/content/wowproductimages/medium/033459.jpg",
    "price": 2.5,
    "quantity": 0.105,
    "unitPrice": 23.81
  },
  {
    "name": "Safcol Wild Alaskan Pink Salmon",
    "url": "https://www.woolworths.com.au/shop/productdetails/333367",
    "img": "https://cdn0.woolworths.media/content/wowproductimages/medium/333367.jpg",
    "price": 5,
    "quantity": 0.21,
    "unitPrice": 23.81
  },
  {
    "name": "Streaky Bacon",
    "url": "https://www.coles.com.au/product/primo-streaky-bacon-650g-4261040",
    "img": "https://productimages.coles.com.au/productimages/4/4261040.jpg",
    "price": 15.5,
    "quantity": 0.65,
    "unitPrice": 23.85
  },
  {
    "name": "Asp Scottish Kippers",
    "url": "https://www.woolworths.com.au/shop/productdetails/140267",
    "img": "https://cdn0.woolworths.media/content/wowproductimages/medium/140267.jpg",
    "price": 8,
    "quantity": 0.335,
    "unitPrice": 23.88
  },
  {
    "name": "Moser Roth Dark Ginger Lime Chocolate Block",
    "url": "https://www.aldi.com.au/en/groceries/limited-time-only/limited-time-only-detail/ps/p/moser-roth-dark-ginger-lime-chocolate-block-125g/",
    "img": "https://www.aldi.com.au/fileadmin/_processed_/4/6/csm_1001961-2_SEASONAL_1x1_228x128_B4_7_RET_28a2e9fa01.png",
    "price": 2.99,
    "quantity": 0.125,
    "unitPrice": 23.9
  },
  {
    "name": "Moser Roth Dark Cranberry Chocolate Block",
    "url": "https://www.aldi.com.au/en/groceries/limited-time-only/limited-time-only-detail/ps/p/moser-roth-dark-cranberry-chocolate-block-125g/",
    "img": "https://www.aldi.com.au/fileadmin/_processed_/9/b/csm_1001961-2_SEASONAL_1x1_228x128_B4_8_RET_05136c3f38.png",
    "price": 2.99,
    "quantity": 0.125,
    "unitPrice": 23.9
  },
  {
    "name": "Moser Roth Dark Ginger Lime Chocolate Block",
    "url": "https://www.aldi.com.au/en/groceries/limited-time-only/limited-time-only-detail/ps/p/moser-roth-dark-ginger-lime-chocolate-block-125g/",
    "img": "https://www.aldi.com.au/fileadmin/_processed_/4/6/csm_1001961-2_SEASONAL_1x1_228x128_B4_7_RET_28a2e9fa01.png",
    "price": 2.99,
    "quantity": 0.125,
    "unitPrice": 23.9
  },
  {
    "name": "Moser Roth Dark Cranberry Chocolate Block",
    "url": "https://www.aldi.com.au/en/groceries/limited-time-only/limited-time-only-detail/ps/p/moser-roth-dark-cranberry-chocolate-block-125g/",
    "img": "https://www.aldi.com.au/fileadmin/_processed_/9/b/csm_1001961-2_SEASONAL_1x1_228x128_B4_8_RET_05136c3f38.png",
    "price": 2.99,
    "quantity": 0.125,
    "unitPrice": 23.9
  },
  {
    "name": "Chilli Bean Sauce",
    "url": "https://www.coles.com.au/product/lee-kum-kee-chilli-bean-sauce-226g-6907954",
    "img": "https://productimages.coles.com.au/productimages/6/6907954.jpg",
    "price": 5.4,
    "quantity": 0.226,
    "unitPrice": 23.9
  },
  {
    "name": "Birch & Waite Red Wine Napoletana Pasta Sauce",
    "url": "https://www.woolworths.com.au/shop/productdetails/357762",
    "img": "https://cdn0.woolworths.media/content/wowproductimages/medium/357762.jpg",
    "price": 5.5,
    "quantity": 0.23,
    "unitPrice": 23.9
  },
  {
    "name": "Kitchen Asian Style Salad Bowl",
    "url": "https://www.coles.com.au/product/coles-kitchen-asian-style-salad-bowl-230g-2786585",
    "img": "https://productimages.coles.com.au/productimages/2/2786585.jpg",
    "price": 5.5,
    "quantity": 0.23,
    "unitPrice": 23.91
  },
  {
    "name": "Kitchen Asian Style Salad Bowl",
    "url": "https://www.coles.com.au/product/coles-kitchen-asian-style-salad-bowl-230g-2786585",
    "img": "https://productimages.coles.com.au/productimages/2/2786585.jpg",
    "price": 5.5,
    "quantity": 0.23,
    "unitPrice": 23.91
  },
  {
    "name": "Roasted Salted Cashews",
    "url": "https://www.coles.com.au/product/coles-roasted-salted-cashews-approx.-100g-8412227",
    "img": "https://productimages.coles.com.au/productimages/8/8412227.jpg",
    "price": 2.4,
    "quantity": 0.1,
    "unitPrice": 24
  },
  {
    "name": "Roasted Unsalted Cashews",
    "url": "https://www.coles.com.au/product/coles-roasted-unsalted-cashews-approx.-100g-8412293",
    "img": "https://productimages.coles.com.au/productimages/8/8412293.jpg",
    "price": 2.4,
    "quantity": 0.1,
    "unitPrice": 24
  },
  {
    "name": "Natural Cashews",
    "url": "https://www.coles.com.au/product/coles-natural-cashews-approx.-100g-8412431",
    "img": "https://productimages.coles.com.au/productimages/8/8412431.jpg",
    "price": 2.4,
    "quantity": 0.1,
    "unitPrice": 24
  },
  {
    "name": "Portobello Brown Mushrooms",
    "url": "https://www.coles.com.au/product/coles-portobello-brown-mushrooms-375g-2829509",
    "img": "https://productimages.coles.com.au/productimages/2/2829509.jpg",
    "price": 9,
    "quantity": 0.375,
    "unitPrice": 24
  },
  {
    "name": "Portobello Brown Mushrooms",
    "url": "https://www.coles.com.au/product/coles-portobello-brown-mushrooms-375g-2829509",
    "img": "https://productimages.coles.com.au/productimages/2/2829509.jpg",
    "price": 9,
    "quantity": 0.375,
    "unitPrice": 24
  },
  {
    "name": "Dairy Extra Tasty Cheese Block",
    "url": "https://www.coles.com.au/product/coles-dairy-extra-tasty-cheese-block-250g-5432669",
    "img": "https://productimages.coles.com.au/productimages/5/5432669.jpg",
    "price": 6,
    "quantity": 0.25,
    "unitPrice": 24
  },
  {
    "name": "Cheese Mozzarella Bag",
    "url": "https://www.coles.com.au/product/la-casa-del-formagio-cheese-mozzarella-bag-125g-5429085",
    "img": "https://productimages.coles.com.au/productimages/5/5429085.jpg",
    "price": 3,
    "quantity": 0.125,
    "unitPrice": 24
  },
  {
    "name": "Cheese Brie Wrapped",
    "url": "https://www.coles.com.au/product/coles-dairy-cheese-brie-wrapped-125g-6169489",
    "img": "https://productimages.coles.com.au/productimages/6/6169489.jpg",
    "price": 3,
    "quantity": 0.125,
    "unitPrice": 24
  },
  {
    "name": "Dairy Cheese Camembert Wrapped",
    "url": "https://www.coles.com.au/product/coles-dairy-cheese-camembert-wrapped-125g-6169580",
    "img": "https://productimages.coles.com.au/productimages/6/6169580.jpg",
    "price": 3,
    "quantity": 0.125,
    "unitPrice": 24
  },
  {
    "name": "Colby Cheese Block",
    "url": "https://www.coles.com.au/product/coles-colby-cheese-block-250g-1413298",
    "img": "https://productimages.coles.com.au/productimages/1/1413298.jpg",
    "price": 6,
    "quantity": 0.25,
    "unitPrice": 24
  },
  {
    "name": "Easy Melt Colby Slices",
    "url": "https://www.coles.com.au/product/bega-easy-melt-colby-slices-250g-1446286",
    "img": "https://productimages.coles.com.au/productimages/1/1446286.jpg",
    "price": 6,
    "quantity": 0.25,
    "unitPrice": 24
  },
  {
    "name": "Australian Tasty Cheese Slices 12 Pack",
    "url": "https://www.coles.com.au/product/coles-australian-tasty-cheese-slices-12-pack-250g-1472231",
    "img": "https://productimages.coles.com.au/productimages/1/1472231.jpg",
    "price": 6,
    "quantity": 0.25,
    "unitPrice": 24
  },
  {
    "name": "Strong & Bitey Vintage Cheese Block",
    "url": "https://www.coles.com.au/product/bega-strong-&-bitey-vintage-cheese-block-250g-166557",
    "img": "https://productimages.coles.com.au/productimages/1/166557.jpg",
    "price": 6,
    "quantity": 0.25,
    "unitPrice": 24
  },
  {
    "name": "Blue Food Colour",
    "url": "https://www.coles.com.au/product/queen-blue-food-colour-50ml-194450",
    "img": "https://productimages.coles.com.au/productimages/1/194450.jpg",
    "price": 1.2,
    "quantity": 0.05,
    "unitPrice": 24
  },
  {
    "name": "Green Food Colour",
    "url": "https://www.coles.com.au/product/queen-green-food-colour-50ml-194472",
    "img": "https://productimages.coles.com.au/productimages/1/194472.jpg",
    "price": 1.2,
    "quantity": 0.05,
    "unitPrice": 24
  },
  {
    "name": "Yellow Food Colour",
    "url": "https://www.coles.com.au/product/queen-yellow-food-colour-50ml-194519",
    "img": "https://productimages.coles.com.au/productimages/1/194519.jpg",
    "price": 1.2,
    "quantity": 0.05,
    "unitPrice": 24
  },
  {
    "name": "Pillar Box Red Food Colour",
    "url": "https://www.coles.com.au/product/queen-pillar-box-red-food-colour-50ml-9754805",
    "img": "https://productimages.coles.com.au/productimages/9/9754805.jpg",
    "price": 1.2,
    "quantity": 0.05,
    "unitPrice": 24
  },
  {
    "name": "Crumbed Walnuts",
    "url": "https://www.coles.com.au/product/coles-crumbed-walnuts-125g-4448674",
    "img": "https://productimages.coles.com.au/productimages/4/4448674.jpg",
    "price": 3,
    "quantity": 0.125,
    "unitPrice": 24
  },
  {
    "name": "Reduced Sugar Craisins Value Pack",
    "url": "https://www.coles.com.au/product/ocean-spray-reduced-sugar-craisins-value-pack-250g-4476603",
    "img": "https://productimages.coles.com.au/productimages/4/4476603.jpg",
    "price": 6,
    "quantity": 0.25,
    "unitPrice": 24
  },
  {
    "name": "Prepared Suet Mix",
    "url": "https://www.coles.com.au/product/tandaco-prepared-suet-mix-250g-5133351",
    "img": "https://productimages.coles.com.au/productimages/5/5133351.jpg",
    "price": 6,
    "quantity": 0.25,
    "unitPrice": 24
  },
  {
    "name": "Fruit Medley Dried",
    "url": "https://www.coles.com.au/product/angas-park-fruit-medley-dried-375g-7881131",
    "img": "https://productimages.coles.com.au/productimages/7/7881131.jpg",
    "price": 9,
    "quantity": 0.375,
    "unitPrice": 24
  },
  {
    "name": "Australian Nuts Natural Almonds",
    "url": "https://www.coles.com.au/product/sunbeam-australian-nuts-natural-almonds-450g-5619841",
    "img": "https://productimages.coles.com.au/productimages/5/5619841.jpg",
    "price": 10.8,
    "quantity": 0.45,
    "unitPrice": 24
  },
  {
    "name": "Blue Food Colour",
    "url": "https://www.coles.com.au/product/queen-blue-food-colour-50ml-194450",
    "img": "https://productimages.coles.com.au/productimages/1/194450.jpg",
    "price": 1.2,
    "quantity": 0.05,
    "unitPrice": 24
  },
  {
    "name": "Green Food Colour",
    "url": "https://www.coles.com.au/product/queen-green-food-colour-50ml-194472",
    "img": "https://productimages.coles.com.au/productimages/1/194472.jpg",
    "price": 1.2,
    "quantity": 0.05,
    "unitPrice": 24
  },
  {
    "name": "Yellow Food Colour",
    "url": "https://www.coles.com.au/product/queen-yellow-food-colour-50ml-194519",
    "img": "https://productimages.coles.com.au/productimages/1/194519.jpg",
    "price": 1.2,
    "quantity": 0.05,
    "unitPrice": 24
  },
  {
    "name": "Pillar Box Red Food Colour",
    "url": "https://www.coles.com.au/product/queen-pillar-box-red-food-colour-50ml-9754805",
    "img": "https://productimages.coles.com.au/productimages/9/9754805.jpg",
    "price": 1.2,
    "quantity": 0.05,
    "unitPrice": 24
  },
  {
    "name": "Crumbed Walnuts",
    "url": "https://www.coles.com.au/product/coles-crumbed-walnuts-125g-4448674",
    "img": "https://productimages.coles.com.au/productimages/4/4448674.jpg",
    "price": 3,
    "quantity": 0.125,
    "unitPrice": 24
  },
  {
    "name": "Reduced Sugar Craisins Value Pack",
    "url": "https://www.coles.com.au/product/ocean-spray-reduced-sugar-craisins-value-pack-250g-4476603",
    "img": "https://productimages.coles.com.au/productimages/4/4476603.jpg",
    "price": 6,
    "quantity": 0.25,
    "unitPrice": 24
  },
  {
    "name": "Prepared Suet Mix",
    "url": "https://www.coles.com.au/product/tandaco-prepared-suet-mix-250g-5133351",
    "img": "https://productimages.coles.com.au/productimages/5/5133351.jpg",
    "price": 6,
    "quantity": 0.25,
    "unitPrice": 24
  },
  {
    "name": "Fruit Medley Dried",
    "url": "https://www.coles.com.au/product/angas-park-fruit-medley-dried-375g-7881131",
    "img": "https://productimages.coles.com.au/productimages/7/7881131.jpg",
    "price": 9,
    "quantity": 0.375,
    "unitPrice": 24
  },
  {
    "name": "Australian Nuts Natural Almonds",
    "url": "https://www.coles.com.au/product/sunbeam-australian-nuts-natural-almonds-450g-5619841",
    "img": "https://productimages.coles.com.au/productimages/5/5619841.jpg",
    "price": 10.8,
    "quantity": 0.45,
    "unitPrice": 24
  },
  {
    "name": "Lentil & Chickpea Soup Kit",
    "url": "https://www.coles.com.au/product/rosella-lentil-&-chickpea-soup-kit-208g-6128969",
    "img": "https://productimages.coles.com.au/productimages/6/6128969.jpg",
    "price": 5,
    "quantity": 0.208,
    "unitPrice": 24
  },
  {
    "name": "Enchilada Soup Kit",
    "url": "https://www.coles.com.au/product/rosella-enchilada-soup-kit-208g-6128980",
    "img": "https://productimages.coles.com.au/productimages/6/6128980.jpg",
    "price": 5,
    "quantity": 0.208,
    "unitPrice": 24
  },
  {
    "name": "White Sea Salt Flakes",
    "url": "https://www.coles.com.au/product/coles-white-sea-salt-flakes-250g-3021051",
    "img": "https://productimages.coles.com.au/productimages/3/3021051.jpg",
    "price": 6,
    "quantity": 0.25,
    "unitPrice": 24
  },
  {
    "name": "Sweet Paprika",
    "url": "https://www.coles.com.au/product/hoyts-sweet-paprika-190g-5269900",
    "img": "https://productimages.coles.com.au/productimages/5/5269900.jpg",
    "price": 4.6,
    "quantity": 0.19,
    "unitPrice": 24
  },
  {
    "name": "Green Jalapenos",
    "url": "https://www.coles.com.au/product/old-el-paso-green-jalapenos-250g-5224560",
    "img": "https://productimages.coles.com.au/productimages/5/5224560.jpg",
    "price": 6,
    "quantity": 0.25,
    "unitPrice": 24
  },
  {
    "name": "Ready Sauce San Choy Bao",
    "url": "https://www.coles.com.au/product/lee-kum-kee-ready-sauce-san-choy-bao-100g-3737042",
    "img": "https://productimages.coles.com.au/productimages/3/3737042.jpg",
    "price": 2.4,
    "quantity": 0.1,
    "unitPrice": 24
  },
  {
    "name": "Ready Sauce Teriyaki Beef",
    "url": "https://www.coles.com.au/product/lee-kum-kee-ready-sauce-teriyaki-beef-100g-6069837",
    "img": "https://productimages.coles.com.au/productimages/6/6069837.jpg",
    "price": 2.4,
    "quantity": 0.1,
    "unitPrice": 24
  },
  {
    "name": "Pickled Eggplant",
    "url": "https://www.coles.com.au/product/patak's-pickled-eggplant-312g-5616060",
    "img": "https://productimages.coles.com.au/productimages/5/5616060.jpg",
    "price": 7.5,
    "quantity": 0.312,
    "unitPrice": 24
  },
  {
    "name": "Balsamic Vinegar Of Modena",
    "url": "https://www.coles.com.au/product/coles-finest-balsamic-vinegar-of-modena-250ml-1503754",
    "img": "https://productimages.coles.com.au/productimages/1/1503754.jpg",
    "price": 6,
    "quantity": 0.25,
    "unitPrice": 24
  },
  {
    "name": "Extra Virgin Avocado Oil",
    "url": "https://www.coles.com.au/product/coles-extra-virgin-avocado-oil-250ml-3209871",
    "img": "https://productimages.coles.com.au/productimages/3/3209871.jpg",
    "price": 6,
    "quantity": 0.25,
    "unitPrice": 24
  },
  {
    "name": "Cold Pressed Macadamia Oil",
    "url": "https://www.coles.com.au/product/plenty-cold-pressed-macadamia-oil-375ml-4993456",
    "img": "https://productimages.coles.com.au/productimages/4/4993456.jpg",
    "price": 9,
    "quantity": 0.375,
    "unitPrice": 24
  },
  {
    "name": "Cold Pressed Walnut Oil",
    "url": "https://www.coles.com.au/product/plenty-cold-pressed-walnut-oil-375ml-4993591",
    "img": "https://productimages.coles.com.au/productimages/4/4993591.jpg",
    "price": 9,
    "quantity": 0.375,
    "unitPrice": 24
  },
  {
    "name": "The Gourmet Specialists Classic Sticky Balsamic Vinegar",
    "url": "https://www.woolworths.com.au/shop/productdetails/169388",
    "img": "https://cdn0.woolworths.media/content/wowproductimages/medium/169388.jpg",
    "price": 6,
    "quantity": 0.25,
    "unitPrice": 24
  },
  {
    "name": "Macro Organic Vinegar Balsamic 4 Leaf",
    "url": "https://www.woolworths.com.au/shop/productdetails/700635",
    "img": "https://cdn0.woolworths.media/content/wowproductimages/medium/700635.jpg",
    "price": 6,
    "quantity": 0.25,
    "unitPrice": 24
  },
  {
    "name": "Monini Classico Extra Virgin Olive Oil",
    "url": "https://www.woolworths.com.au/shop/productdetails/663196",
    "img": "https://cdn0.woolworths.media/content/wowproductimages/medium/663196.jpg",
    "price": 18,
    "quantity": 0.75,
    "unitPrice": 24
  },
  {
    "name": "Cockatoo Grove Organic Australian Extra Virgin Olive Oil Classic",
    "url": "https://www.woolworths.com.au/shop/productdetails/182845",
    "img": "https://cdn0.woolworths.media/content/wowproductimages/medium/182845.jpg",
    "price": 18,
    "quantity": 0.75,
    "unitPrice": 24
  },
  {
    "name": "Bertolli Extra Virgin Olive Oil Originale",
    "url": "https://www.woolworths.com.au/shop/productdetails/502951",
    "img": "https://cdn0.woolworths.media/content/wowproductimages/medium/502951.jpg",
    "price": 18,
    "quantity": 0.75,
    "unitPrice": 24
  },
  {
    "name": "Plenty Cold Pressed Macadamia Oil",
    "url": "https://www.woolworths.com.au/shop/productdetails/137656",
    "img": "https://cdn0.woolworths.media/content/wowproductimages/medium/137656.jpg",
    "price": 9,
    "quantity": 0.375,
    "unitPrice": 24
  },
  {
    "name": "Bertolli Olive Oil Light In Taste",
    "url": "https://www.woolworths.com.au/shop/productdetails/502955",
    "img": "https://cdn0.woolworths.media/content/wowproductimages/medium/502955.jpg",
    "price": 18,
    "quantity": 0.75,
    "unitPrice": 24
  },
  {
    "name": "Monini Delicato Extra Virgin Olive Oil",
    "url": "https://www.woolworths.com.au/shop/productdetails/663195",
    "img": "https://cdn0.woolworths.media/content/wowproductimages/medium/663195.jpg",
    "price": 18,
    "quantity": 0.75,
    "unitPrice": 24
  },
  {
    "name": "Cockatoo Grove Organic Australian Extra Virgin Olive Oil",
    "url": "https://www.woolworths.com.au/shop/productdetails/81782",
    "img": "https://cdn0.woolworths.media/content/wowproductimages/medium/default.png",
    "price": 12,
    "quantity": 0.5,
    "unitPrice": 24
  },
  {
    "name": "Cockatoo Grove Organic Australian Robust Extra Virgin Olive Oil",
    "url": "https://www.woolworths.com.au/shop/productdetails/182913",
    "img": "https://cdn0.woolworths.media/content/wowproductimages/medium/182913.jpg",
    "price": 18,
    "quantity": 0.75,
    "unitPrice": 24
  },
  {
    "name": "Cockatoo Grove Organic Australian Mellow Extra Virgin Olive Oil",
    "url": "https://www.woolworths.com.au/shop/productdetails/182248",
    "img": "https://cdn0.woolworths.media/content/wowproductimages/medium/182248.jpg",
    "price": 18,
    "quantity": 0.75,
    "unitPrice": 24
  },
  {
    "name": "Woolworths Beef Stir Fry",
    "url": "https://www.woolworths.com.au/shop/productdetails/531015",
    "img": "https://cdn0.woolworths.media/content/wowproductimages/medium/531015.jpg",
    "price": 12,
    "quantity": 0.5,
    "unitPrice": 24
  },
  {
    "name": "Macro Grass Fed Beef Chuck Steak",
    "url": "https://www.woolworths.com.au/shop/productdetails/254623",
    "img": "https://cdn0.woolworths.media/content/wowproductimages/medium/254623.jpg",
    "price": 19.2,
    "quantity": 0.8,
    "unitPrice": 24
  },
  {
    "name": "Woolworths Cook Butterflied Lamb Shoulder With Rosemary & Mint",
    "url": "https://www.woolworths.com.au/shop/productdetails/337138",
    "img": "https://cdn0.woolworths.media/content/wowproductimages/medium/337138.jpg",
    "price": 39.6,
    "quantity": 1.65,
    "unitPrice": 24
  },
  {
    "name": "Woolworths Cook Butterflied Lamb Shoulder With Lemon & Garlic",
    "url": "https://www.woolworths.com.au/shop/productdetails/383347",
    "img": "https://cdn0.woolworths.media/content/wowproductimages/medium/383347.jpg",
    "price": 36,
    "quantity": 1.5,
    "unitPrice": 24
  },
  {
    "name": "Woolworths Garlic Salt",
    "url": "https://www.woolworths.com.au/shop/productdetails/647761",
    "img": "https://cdn0.woolworths.media/content/wowproductimages/medium/647761.jpg",
    "price": 1.7,
    "quantity": 0.072,
    "unitPrice": 24
  },
  {
    "name": "Tandaco Prepared Suet Mix Suet",
    "url": "https://www.woolworths.com.au/shop/productdetails/15260",
    "img": "https://cdn0.woolworths.media/content/wowproductimages/medium/015260.jpg",
    "price": 6,
    "quantity": 0.25,
    "unitPrice": 24
  },
  {
    "name": "Bonox Beef Stock Paste Extract",
    "url": "https://www.woolworths.com.au/shop/productdetails/33893",
    "img": "https://cdn0.woolworths.media/content/wowproductimages/medium/033893.jpg",
    "price": 5.5,
    "quantity": 0.23,
    "unitPrice": 24
  },
  {
    "name": "Lee Kum Kee Sauce Teriyaki Beef",
    "url": "https://www.woolworths.com.au/shop/productdetails/263288",
    "img": "https://cdn0.woolworths.media/content/wowproductimages/medium/263288.jpg",
    "price": 2.4,
    "quantity": 0.1,
    "unitPrice": 24
  },
  {
    "name": "Lee Kum Kee Sauce San Choy Bao",
    "url": "https://www.woolworths.com.au/shop/productdetails/329803",
    "img": "https://cdn0.woolworths.media/content/wowproductimages/medium/329803.jpg",
    "price": 2.4,
    "quantity": 0.1,
    "unitPrice": 24
  },
  {
    "name": "Queen Yellow Food Colour",
    "url": "https://www.woolworths.com.au/shop/productdetails/37423",
    "img": "https://cdn0.woolworths.media/content/wowproductimages/medium/037423.jpg",
    "price": 1.2,
    "quantity": 0.05,
    "unitPrice": 24
  },
  {
    "name": "Queen Pillar Box Red Food Colour",
    "url": "https://www.woolworths.com.au/shop/productdetails/205664",
    "img": "https://cdn0.woolworths.media/content/wowproductimages/medium/205664.jpg",
    "price": 1.2,
    "quantity": 0.05,
    "unitPrice": 24
  },
  {
    "name": "Queen Blue Food Colour",
    "url": "https://www.woolworths.com.au/shop/productdetails/37421",
    "img": "https://cdn0.woolworths.media/content/wowproductimages/medium/037421.jpg",
    "price": 1.2,
    "quantity": 0.05,
    "unitPrice": 24
  },
  {
    "name": "Queen Green Food Colour",
    "url": "https://www.woolworths.com.au/shop/productdetails/37422",
    "img": "https://cdn0.woolworths.media/content/wowproductimages/medium/037422.jpg",
    "price": 1.2,
    "quantity": 0.05,
    "unitPrice": 24
  },
  {
    "name": "Queen Rose Pink Food Colour",
    "url": "https://www.woolworths.com.au/shop/productdetails/37362",
    "img": "https://cdn0.woolworths.media/content/wowproductimages/medium/037362.jpg",
    "price": 1.2,
    "quantity": 0.05,
    "unitPrice": 24
  },
  {
    "name": "Creative Kitchen Marzipan",
    "url": "https://www.woolworths.com.au/shop/productdetails/490830",
    "img": "https://cdn0.woolworths.media/content/wowproductimages/medium/490830.jpg",
    "price": 6,
    "quantity": 0.25,
    "unitPrice": 24
  },
  {
    "name": "Macro Cashew Kernels",
    "url": "https://www.woolworths.com.au/shop/productdetails/355126",
    "img": "https://cdn0.woolworths.media/content/wowproductimages/medium/355126.jpg",
    "price": 12,
    "quantity": 0.5,
    "unitPrice": 24
  },
  {
    "name": "Ocean Spray Reduced Sugar Craisins",
    "url": "https://www.woolworths.com.au/shop/productdetails/528827",
    "img": "https://cdn0.woolworths.media/content/wowproductimages/medium/528827.jpg",
    "price": 6,
    "quantity": 0.25,
    "unitPrice": 24
  },
  {
    "name": "Angas Park Fruit Mix Medley",
    "url": "https://www.woolworths.com.au/shop/productdetails/55432",
    "img": "https://cdn0.woolworths.media/content/wowproductimages/medium/055432.jpg",
    "price": 9,
    "quantity": 0.375,
    "unitPrice": 24
  },
  {
    "name": "Sweets Artificial 100s & 1000s",
    "url": "https://www.coles.com.au/product/dollar-sweets-artificial-100s-&-1000s-145g-4414504",
    "img": "https://productimages.coles.com.au/productimages/4/4414504.jpg",
    "price": 3.5,
    "quantity": 0.145,
    "unitPrice": 24.1
  },
  {
    "name": "Sweets Artificial 100s & 1000s",
    "url": "https://www.coles.com.au/product/dollar-sweets-artificial-100s-&-1000s-145g-4414504",
    "img": "https://productimages.coles.com.au/productimages/4/4414504.jpg",
    "price": 3.5,
    "quantity": 0.145,
    "unitPrice": 24.1
  },
  {
    "name": "Shredded Wheat Cereal",
    "url": "https://www.coles.com.au/product/uncle-tobys-shredded-wheat-cereal-270g-9685531",
    "img": "https://productimages.coles.com.au/productimages/9/9685531.jpg",
    "price": 6.5,
    "quantity": 0.27,
    "unitPrice": 24.1
  },
  {
    "name": "Shredded Wheat Cereal",
    "url": "https://www.coles.com.au/product/uncle-tobys-shredded-wheat-cereal-270g-9685531",
    "img": "https://productimages.coles.com.au/productimages/9/9685531.jpg",
    "price": 6.5,
    "quantity": 0.27,
    "unitPrice": 24.1
  },
  {
    "name": "Pasta & Sauce Family Sour Cream Chives",
    "url": "https://www.coles.com.au/product/continental-pasta-&-sauce-family-sour-cream-chives-145g-4727350",
    "img": "https://productimages.coles.com.au/productimages/4/4727350.jpg",
    "price": 3.5,
    "quantity": 0.145,
    "unitPrice": 24.1
  },
  {
    "name": "Continental Classics Creamy Pasta Sauce Bacon Carbonara Family Pack",
    "url": "https://www.woolworths.com.au/shop/productdetails/761509",
    "img": "https://cdn0.woolworths.media/content/wowproductimages/medium/761509.jpg",
    "price": 3.5,
    "quantity": 0.145,
    "unitPrice": 24.1
  },
  {
    "name": "Continental Classics Pasta & Sauce Alfredo Family Pack",
    "url": "https://www.woolworths.com.au/shop/productdetails/761526",
    "img": "https://cdn0.woolworths.media/content/wowproductimages/medium/761526.jpg",
    "price": 3.5,
    "quantity": 0.145,
    "unitPrice": 24.1
  },
  {
    "name": "Continental Classics Sour Cream & Chives Pasta & Sauce Family Pack",
    "url": "https://www.woolworths.com.au/shop/productdetails/761556",
    "img": "https://cdn0.woolworths.media/content/wowproductimages/medium/761556.jpg",
    "price": 3.5,
    "quantity": 0.145,
    "unitPrice": 24.1
  },
  {
    "name": "Kellogg's Nutri Grain Protein Breakfast Cereal",
    "url": "https://www.woolworths.com.au/shop/productdetails/701706",
    "img": "https://cdn0.woolworths.media/content/wowproductimages/medium/701706.jpg",
    "price": 7,
    "quantity": 0.29,
    "unitPrice": 24.1
  },
  {
    "name": "Uncle Tobys Shredded Wheat Breakfast Cereal",
    "url": "https://www.woolworths.com.au/shop/productdetails/201809",
    "img": "https://cdn0.woolworths.media/content/wowproductimages/medium/201809.jpg",
    "price": 6.5,
    "quantity": 0.27,
    "unitPrice": 24.1
  },
  {
    "name": "Regular Corned Beef",
    "url": "https://www.coles.com.au/product/hamper-regular-corned-beef-340g-118612",
    "img": "https://productimages.coles.com.au/productimages/1/118612.jpg",
    "price": 8.2,
    "quantity": 0.34,
    "unitPrice": 24.12
  },
  {
    "name": "Corned Beef Lite Canned Meat",
    "url": "https://www.coles.com.au/product/hamper-corned-beef-lite-canned-meat-340g-8281413",
    "img": "https://productimages.coles.com.au/productimages/8/8281413.jpg",
    "price": 8.2,
    "quantity": 0.34,
    "unitPrice": 24.12
  },
  {
    "name": "Woolworths Beef Oyster Blade Steak",
    "url": "https://www.woolworths.com.au/shop/productdetails/675479",
    "img": "https://cdn0.woolworths.media/content/wowproductimages/medium/675479.jpg",
    "price": 14.5,
    "quantity": 0.6,
    "unitPrice": 24.17
  },
  {
    "name": "Breakfast Bakes Honey and Almond Oats 4 pack",
    "url": "https://www.coles.com.au/product/uncle-tobys-breakfast-bakes-honey-and-almond-oats-4-pack-260g-3375338",
    "img": "https://productimages.coles.com.au/productimages/3/3375338.jpg",
    "price": 6.3,
    "quantity": 0.26,
    "unitPrice": 24.2
  },
  {
    "name": "Breakfast Bakes Berry Harvest Oats 4 pack",
    "url": "https://www.coles.com.au/product/uncle-tobys-breakfast-bakes-berry-harvest-oats-4-pack-260g-3375349",
    "img": "https://productimages.coles.com.au/productimages/3/3375349.jpg",
    "price": 6.3,
    "quantity": 0.26,
    "unitPrice": 24.2
  },
  {
    "name": "Breakfast Bakes Honey and Almond Oats 4 pack",
    "url": "https://www.coles.com.au/product/uncle-tobys-breakfast-bakes-honey-and-almond-oats-4-pack-260g-3375338",
    "img": "https://productimages.coles.com.au/productimages/3/3375338.jpg",
    "price": 6.3,
    "quantity": 0.26,
    "unitPrice": 24.2
  },
  {
    "name": "Breakfast Bakes Berry Harvest Oats 4 pack",
    "url": "https://www.coles.com.au/product/uncle-tobys-breakfast-bakes-berry-harvest-oats-4-pack-260g-3375349",
    "img": "https://productimages.coles.com.au/productimages/3/3375349.jpg",
    "price": 6.3,
    "quantity": 0.26,
    "unitPrice": 24.2
  },
  {
    "name": "Stand 'N Stuff Mini Taco Shell Kit",
    "url": "https://www.coles.com.au/product/old-el-paso-stand-'n-stuff-mini-taco-shell-kit-275g-2745737",
    "img": "https://productimages.coles.com.au/productimages/2/2745737.jpg",
    "price": 6.65,
    "quantity": 0.275,
    "unitPrice": 24.2
  },
  {
    "name": "Uncle Tobys Oats Breakfast Bakes Cereal Bar Honey & Roasted Almond",
    "url": "https://www.woolworths.com.au/shop/productdetails/28589",
    "img": "https://cdn0.woolworths.media/content/wowproductimages/medium/028589.jpg",
    "price": 6.3,
    "quantity": 0.26,
    "unitPrice": 24.2
  },
  {
    "name": "Uncle Tobys Oats Breakfast Bakes Cereal Bar Apple & Cinnamon",
    "url": "https://www.woolworths.com.au/shop/productdetails/28617",
    "img": "https://cdn0.woolworths.media/content/wowproductimages/medium/028617.jpg",
    "price": 6.3,
    "quantity": 0.26,
    "unitPrice": 24.2
  },
  {
    "name": "Uncle Tobys Oats Breakfast Bakes Cereal Bar Berry Harvest",
    "url": "https://www.woolworths.com.au/shop/productdetails/28603",
    "img": "https://cdn0.woolworths.media/content/wowproductimages/medium/028603.jpg",
    "price": 6.3,
    "quantity": 0.26,
    "unitPrice": 24.2
  },
  {
    "name": "Medjool Dates Prepacked",
    "url": "https://www.coles.com.au/product/natural-delights-medjool-dates-prepacked-454g-8922802",
    "img": "https://productimages.coles.com.au/productimages/8/8922802.jpg",
    "price": 11,
    "quantity": 0.454,
    "unitPrice": 24.23
  },
  {
    "name": "Medjool Dates Prepacked",
    "url": "https://www.coles.com.au/product/natural-delights-medjool-dates-prepacked-454g-8922802",
    "img": "https://productimages.coles.com.au/productimages/8/8922802.jpg",
    "price": 11,
    "quantity": 0.454,
    "unitPrice": 24.23
  },
  {
    "name": "Medjool Dates Prepacked",
    "url": "https://www.coles.com.au/product/natural-delights-medjool-dates-prepacked-454g-8922802",
    "img": "https://productimages.coles.com.au/productimages/8/8922802.jpg",
    "price": 11,
    "quantity": 0.454,
    "unitPrice": 24.23
  },
  {
    "name": "Medjool Dates Prepacked",
    "url": "https://www.coles.com.au/product/natural-delights-medjool-dates-prepacked-454g-8922802",
    "img": "https://productimages.coles.com.au/productimages/8/8922802.jpg",
    "price": 11,
    "quantity": 0.454,
    "unitPrice": 24.23
  },
  {
    "name": "Stevia Organic Natural Sweetener",
    "url": "https://www.coles.com.au/product/sugarless-stevia-organic-natural-sweetener-350g-2002540",
    "img": "https://productimages.coles.com.au/productimages/2/2002540.jpg",
    "price": 8.5,
    "quantity": 0.35,
    "unitPrice": 24.3
  },
  {
    "name": "Dried Shaved Coconut",
    "url": "https://www.coles.com.au/product/mckenzie's-dried-shaved-coconut-150g-2777799",
    "img": "https://productimages.coles.com.au/productimages/2/2777799.jpg",
    "price": 3.65,
    "quantity": 0.15,
    "unitPrice": 24.3
  },
  {
    "name": "Stevia Organic Natural Sweetener",
    "url": "https://www.coles.com.au/product/sugarless-stevia-organic-natural-sweetener-350g-2002540",
    "img": "https://productimages.coles.com.au/productimages/2/2002540.jpg",
    "price": 8.5,
    "quantity": 0.35,
    "unitPrice": 24.3
  },
  {
    "name": "Oriental Fried Rice",
    "url": "https://www.coles.com.au/product/continental-oriental-fried-rice-115g-5431510",
    "img": "https://productimages.coles.com.au/productimages/5/5431510.jpg",
    "price": 2.8,
    "quantity": 0.115,
    "unitPrice": 24.3
  },
  {
    "name": "Signature Fried Chicken Kit",
    "url": "https://www.coles.com.au/product/marion's-kitchen-signature-fried-chicken-kit-255g-5368210",
    "img": "https://productimages.coles.com.au/productimages/5/5368210.jpg",
    "price": 6.2,
    "quantity": 0.255,
    "unitPrice": 24.3
  },
  {
    "name": "Drinkable Konjac Jelly Peach Flavour",
    "url": "https://www.coles.com.au/product/jelly-b-drinkable-konjac-jelly-peach-flavour-150ml-3453329",
    "img": "https://productimages.coles.com.au/productimages/3/3453329.jpg",
    "price": 3.65,
    "quantity": 0.15,
    "unitPrice": 24.3
  },
  {
    "name": "Drinkable Konjac Jelly Blueberry Flavour",
    "url": "https://www.coles.com.au/product/jelly-b-drinkable-konjac-jelly-blueberry-flavour-150ml-3642853",
    "img": "https://productimages.coles.com.au/productimages/3/3642853.jpg",
    "price": 3.65,
    "quantity": 0.15,
    "unitPrice": 24.3
  },
  {
    "name": "Drinkable Konjac Jelly Mango Flavour",
    "url": "https://www.coles.com.au/product/jelly-b-drinkable-konjac-jelly-mango-flavour-150ml-3642875",
    "img": "https://productimages.coles.com.au/productimages/3/3642875.jpg",
    "price": 3.65,
    "quantity": 0.15,
    "unitPrice": 24.3
  },
  {
    "name": "Jelly B Drinkable Jelly Lychee",
    "url": "https://www.coles.com.au/product/yacoya-jelly-b-drinkable-jelly-lychee-150ml-5011795",
    "img": "https://productimages.coles.com.au/productimages/5/5011795.jpg",
    "price": 3.65,
    "quantity": 0.15,
    "unitPrice": 24.3
  },
  {
    "name": "Signature Fried Chicken Kit",
    "url": "https://www.coles.com.au/product/marion's-kitchen-signature-fried-chicken-kit-255g-5368210",
    "img": "https://productimages.coles.com.au/productimages/5/5368210.jpg",
    "price": 6.2,
    "quantity": 0.255,
    "unitPrice": 24.3
  },
  {
    "name": "Continental Simmer Soup Dutch Curry & Rice",
    "url": "https://www.woolworths.com.au/shop/productdetails/34392",
    "img": "https://cdn0.woolworths.media/content/wowproductimages/medium/034392.jpg",
    "price": 1.7,
    "quantity": 0.07,
    "unitPrice": 24.3
  },
  {
    "name": "Macro Free Range Chicken Schnitzel",
    "url": "https://www.woolworths.com.au/shop/productdetails/160857",
    "img": "https://cdn0.woolworths.media/content/wowproductimages/medium/160857.jpg",
    "price": 8.5,
    "quantity": 0.35,
    "unitPrice": 24.3
  },
  {
    "name": "Sugarless Stevia Organic",
    "url": "https://www.woolworths.com.au/shop/productdetails/665840",
    "img": "https://cdn0.woolworths.media/content/wowproductimages/medium/665840.jpg",
    "price": 8.5,
    "quantity": 0.35,
    "unitPrice": 24.3
  },
  {
    "name": "Mt Elephant Choc Chunk Wholefood Blondie Mix",
    "url": "https://www.woolworths.com.au/shop/productdetails/212382",
    "img": "https://cdn0.woolworths.media/content/wowproductimages/medium/212382.jpg",
    "price": 8.5,
    "quantity": 0.35,
    "unitPrice": 24.3
  },
  {
    "name": "Mt Elephant Choc Chunk Wholefood Brownie Mix",
    "url": "https://www.woolworths.com.au/shop/productdetails/210815",
    "img": "https://cdn0.woolworths.media/content/wowproductimages/medium/210815.jpg",
    "price": 8.5,
    "quantity": 0.35,
    "unitPrice": 24.3
  },
  {
    "name": "Mt Elephant Rasberry & Whyte Chocolate Blondie Mix",
    "url": "https://www.woolworths.com.au/shop/productdetails/277561",
    "img": "https://cdn0.woolworths.media/content/wowproductimages/medium/277561.jpg",
    "price": 8.5,
    "quantity": 0.35,
    "unitPrice": 24.3
  },
  {
    "name": "Pure Sesame Oil",
    "url": "https://www.coles.com.au/product/lee-kum-kee-pure-sesame-oil-207ml-5253116",
    "img": "https://productimages.coles.com.au/productimages/5/5253116.jpg",
    "price": 5.05,
    "quantity": 0.207,
    "unitPrice": 24.4
  },
  {
    "name": "Woolworths Fully Loaded Chocolate Brownie Cheesecake",
    "url": "https://www.woolworths.com.au/shop/productdetails/103359",
    "img": "https://cdn0.woolworths.media/content/wowproductimages/medium/103359.jpg",
    "price": 22,
    "quantity": 0.9,
    "unitPrice": 24.4
  },
  {
    "name": "Woolworths Fully Loaded Chocolate Brownie Cheesecake",
    "url": "https://www.woolworths.com.au/shop/productdetails/103359",
    "img": "https://cdn0.woolworths.media/content/wowproductimages/medium/103359.jpg",
    "price": 22,
    "quantity": 0.9,
    "unitPrice": 24.4
  },
  {
    "name": "Kikkoman Soy Sauce Soy",
    "url": "https://www.woolworths.com.au/shop/productdetails/37808",
    "img": "https://cdn0.woolworths.media/content/wowproductimages/medium/037808.jpg",
    "price": 6.1,
    "quantity": 0.25,
    "unitPrice": 24.4
  },
  {
    "name": "Macro Organic Grass Fed Beef Sausages",
    "url": "https://www.woolworths.com.au/shop/productdetails/133861",
    "img": "https://cdn0.woolworths.media/content/wowproductimages/medium/133861.jpg",
    "price": 11,
    "quantity": 0.45,
    "unitPrice": 24.44
  },
  {
    "name": "Caffe Crema Coffee",
    "url": "https://www.coles.com.au/product/grinders-caffe-crema-coffee-1kg-1336197",
    "img": "https://productimages.coles.com.au/productimages/1/1336197.jpg",
    "price": 24.5,
    "quantity": 1,
    "unitPrice": 24.5
  },
  {
    "name": "Rich & Bold Espresso Coffee Beans",
    "url": "https://www.coles.com.au/product/grinders-rich-&-bold-espresso-coffee-beans-1kg-2686933",
    "img": "https://productimages.coles.com.au/productimages/2/2686933.jpg",
    "price": 24.5,
    "quantity": 1,
    "unitPrice": 24.5
  },
  {
    "name": "Rich Espresso Coffee Beans",
    "url": "https://www.coles.com.au/product/grinders-rich-espresso-coffee-beans-1kg-3516065",
    "img": "https://productimages.coles.com.au/productimages/3/3516065.jpg",
    "price": 24.5,
    "quantity": 1,
    "unitPrice": 24.5
  },
  {
    "name": "Woolworths Short Cut Bacon",
    "url": "https://www.woolworths.com.au/shop/productdetails/509865",
    "img": "https://cdn0.woolworths.media/content/wowproductimages/medium/509865.jpg",
    "price": 4.9,
    "quantity": 0.2,
    "unitPrice": 24.5
  },
  {
    "name": "Nature Nate's 100% Pure Organic Australian Raw & Unfiltered Honey",
    "url": "https://www.woolworths.com.au/shop/productdetails/99800",
    "img": "https://cdn0.woolworths.media/content/wowproductimages/medium/099800.jpg",
    "price": 9.8,
    "quantity": 0.4,
    "unitPrice": 24.5
  },
  {
    "name": "Lucky Natural Seed Mix With Pine Nuts",
    "url": "https://www.woolworths.com.au/shop/productdetails/247368",
    "img": "https://cdn0.woolworths.media/content/wowproductimages/medium/247368.jpg",
    "price": 4.9,
    "quantity": 0.2,
    "unitPrice": 24.5
  },
  {
    "name": "John West Wild Brisling Sardines In Extra Virgin Olive Oil",
    "url": "https://www.woolworths.com.au/shop/productdetails/34947",
    "img": "https://cdn0.woolworths.media/content/wowproductimages/medium/034947.jpg",
    "price": 2.7,
    "quantity": 0.11,
    "unitPrice": 24.55
  },
  {
    "name": "John West Wild Brisling Sardines In Tomato Sauce",
    "url": "https://www.woolworths.com.au/shop/productdetails/34980",
    "img": "https://cdn0.woolworths.media/content/wowproductimages/medium/034980.jpg",
    "price": 2.7,
    "quantity": 0.11,
    "unitPrice": 24.55
  },
  {
    "name": "John West Wild Brisling Sardines In Springwater",
    "url": "https://www.woolworths.com.au/shop/productdetails/98523",
    "img": "https://cdn0.woolworths.media/content/wowproductimages/medium/098523.jpg",
    "price": 2.7,
    "quantity": 0.11,
    "unitPrice": 24.55
  },
  {
    "name": "John West Wild Brisling Sardines With Lemon Garlic & Chilli",
    "url": "https://www.woolworths.com.au/shop/productdetails/549096",
    "img": "https://cdn0.woolworths.media/content/wowproductimages/medium/549096.jpg",
    "price": 2.7,
    "quantity": 0.11,
    "unitPrice": 24.55
  },
  {
    "name": "Rana Ricotta & Spinach Tortellini Pasta",
    "url": "https://www.woolworths.com.au/shop/productdetails/810774",
    "img": "https://cdn0.woolworths.media/content/wowproductimages/medium/810774.jpg",
    "price": 8,
    "quantity": 0.325,
    "unitPrice": 24.6
  },
  {
    "name": "Rana Basil & Pine Nuts Tortellini Pasta",
    "url": "https://www.woolworths.com.au/shop/productdetails/28325",
    "img": "https://cdn0.woolworths.media/content/wowproductimages/medium/028325.jpg",
    "price": 8,
    "quantity": 0.325,
    "unitPrice": 24.6
  },
  {
    "name": "Rana Pumpkin & Onion Ravioli Pasta",
    "url": "https://www.woolworths.com.au/shop/productdetails/810775",
    "img": "https://cdn0.woolworths.media/content/wowproductimages/medium/810775.jpg",
    "price": 8,
    "quantity": 0.325,
    "unitPrice": 24.6
  },
  {
    "name": "Rana Porcini Mushroom Ravioli Pasta",
    "url": "https://www.woolworths.com.au/shop/productdetails/810868",
    "img": "https://cdn0.woolworths.media/content/wowproductimages/medium/810868.jpg",
    "price": 8,
    "quantity": 0.325,
    "unitPrice": 24.6
  },
  {
    "name": "Kellogg's Froot Loops Breakfast Cereal",
    "url": "https://www.woolworths.com.au/shop/productdetails/701718",
    "img": "https://cdn0.woolworths.media/content/wowproductimages/medium/701718.jpg",
    "price": 7,
    "quantity": 0.285,
    "unitPrice": 24.6
  },
  {
    "name": "Natural Cashews",
    "url": "https://www.coles.com.au/product/coles-natural-cashews-150g-2896095",
    "img": "https://productimages.coles.com.au/productimages/2/2896095.jpg",
    "price": 3.7,
    "quantity": 0.15,
    "unitPrice": 24.67
  },
  {
    "name": "Woolworths Cashews",
    "url": "https://www.woolworths.com.au/shop/productdetails/726352",
    "img": "https://cdn0.woolworths.media/content/wowproductimages/medium/726352.jpg",
    "price": 3.7,
    "quantity": 0.15,
    "unitPrice": 24.67
  },
  {
    "name": "Steak & Kidney Pie with Puff Pastry",
    "url": "https://www.coles.com.au/product/fray-bentos-steak-&-kidney-pie-with-puff-pastry-425g-243498",
    "img": "https://productimages.coles.com.au/productimages/2/243498.jpg",
    "price": 10.5,
    "quantity": 0.425,
    "unitPrice": 24.71
  },
  {
    "name": "Sunsweet Prunes Pitted",
    "url": "https://www.woolworths.com.au/shop/productdetails/259201",
    "img": "https://cdn0.woolworths.media/content/wowproductimages/medium/259201.jpg",
    "price": 4.95,
    "quantity": 0.2,
    "unitPrice": 24.75
  },
  {
    "name": "Roasted Sesame",
    "url": "https://www.coles.com.au/product/kewpie-japanese-dressing-roasted-sesame-210ml-2000544",
    "img": "https://productimages.coles.com.au/productimages/2/2000544.jpg",
    "price": 5.2,
    "quantity": 0.21,
    "unitPrice": 24.8
  },
  {
    "name": "Sesame Soy Sauce",
    "url": "https://www.coles.com.au/product/kewpie-japanese-dressing-sesame-soy-sauce-210ml-2000555",
    "img": "https://productimages.coles.com.au/productimages/2/2000555.jpg",
    "price": 5.2,
    "quantity": 0.21,
    "unitPrice": 24.8
  },
  {
    "name": "Wallaby Bread Improver",
    "url": "https://www.woolworths.com.au/shop/productdetails/349621",
    "img": "https://cdn0.woolworths.media/content/wowproductimages/medium/349621.jpg",
    "price": 3.1,
    "quantity": 0.125,
    "unitPrice": 24.8
  },
  {
    "name": "Leg Ham",
    "url": "https://www.coles.com.au/product/plumrose-leg-ham-450g-118565",
    "img": "https://productimages.coles.com.au/productimages/1/118565.jpg",
    "price": 11.2,
    "quantity": 0.45,
    "unitPrice": 24.89
  },
  {
    "name": "Emporium Selection Double Cream Camembert",
    "url": "https://www.aldi.com.au/en/groceries/fresh-produce/dairy-eggs/dairy-eggs-detail/ps/p/emporium-selection-double-cream-camembert-200g-7/",
    "img": "https://www.aldi.com.au/fileadmin/_processed_/b/8/csm_ALN2364_AWARDS_CHEESE_1x1_228x128_2_1144bfa615.jpg",
    "price": 4.99,
    "quantity": 0.2,
    "unitPrice": 24.95
  },
  {
    "name": "Emporium Selection Triple Cream Brie",
    "url": "https://www.aldi.com.au/en/groceries/fresh-produce/dairy-eggs/dairy-eggs-detail/ps/p/emporium-selection-triple-cream-brie-200g-7/",
    "img": "https://www.aldi.com.au/fileadmin/_processed_/9/5/csm_ALN2364_AWARDS_CHEESE_1x1_228x128_3_c81c34a3e7.jpg",
    "price": 4.99,
    "quantity": 0.2,
    "unitPrice": 24.95
  },
  {
    "name": "Natural Walnuts",
    "url": "https://www.coles.com.au/product/coles-natural-walnuts-approx.-100g-8412668",
    "img": "https://productimages.coles.com.au/productimages/8/8412668.jpg",
    "price": 2.5,
    "quantity": 0.1,
    "unitPrice": 25
  },
  {
    "name": "Lettuce Spinach",
    "url": "https://www.coles.com.au/product/coles-lettuce-spinach-120g-1499340",
    "img": "https://productimages.coles.com.au/productimages/1/1499340.jpg",
    "price": 3,
    "quantity": 0.12,
    "unitPrice": 25
  },
  {
    "name": "Lettuce Baby Rocket",
    "url": "https://www.coles.com.au/product/coles-lettuce-baby-rocket-120g-1499475",
    "img": "https://productimages.coles.com.au/productimages/1/1499475.jpg",
    "price": 3,
    "quantity": 0.12,
    "unitPrice": 25
  },
  {
    "name": "Salad Baby Leaf Spinach & Rocket",
    "url": "https://www.coles.com.au/product/coles-salad-baby-leaf-spinach-&-rocket-120g-each-5464290",
    "img": "https://productimages.coles.com.au/productimages/5/5464290.jpg",
    "price": 3,
    "quantity": 0.12,
    "unitPrice": 25
  },
  {
    "name": "Dried Mango Slices",
    "url": "https://www.coles.com.au/product/coles-dried-mango-slices-approx.-100g-1944206",
    "img": "https://productimages.coles.com.au/productimages/1/1944206.jpg",
    "price": 2.5,
    "quantity": 0.1,
    "unitPrice": 25
  },
  {
    "name": "Cashew & Soy Crisps Mix",
    "url": "https://www.coles.com.au/product/coles-cashew-&-soy-crisps-mix-approx.-100g-1958018",
    "img": "https://productimages.coles.com.au/productimages/1/1958018.jpg",
    "price": 2.5,
    "quantity": 0.1,
    "unitPrice": 25
  },
  {
    "name": "Nougat Supreme",
    "url": "https://www.coles.com.au/product/coles-nougat-supreme-approx.-100g-2349650",
    "img": "https://productimages.coles.com.au/productimages/2/2349650.jpg",
    "price": 2.5,
    "quantity": 0.1,
    "unitPrice": 25
  },
  {
    "name": "Yoghurt Cranberry",
    "url": "https://www.coles.com.au/product/coles-yoghurt-cranberry-approx.-100g-3020026",
    "img": "https://productimages.coles.com.au/productimages/3/3020026.jpg",
    "price": 2.5,
    "quantity": 0.1,
    "unitPrice": 25
  },
  {
    "name": "Peanut Butter Pretzels",
    "url": "https://www.coles.com.au/product/coles-peanut-butter-pretzels-approx.-100g-3198458",
    "img": "https://productimages.coles.com.au/productimages/3/3198458.jpg",
    "price": 2.5,
    "quantity": 0.1,
    "unitPrice": 25
  },
  {
    "name": "Sugared Giant Strawberries",
    "url": "https://www.coles.com.au/product/coles-sugared-giant-strawberries-approx.-100g-3769821",
    "img": "https://productimages.coles.com.au/productimages/3/3769821.jpg",
    "price": 2.5,
    "quantity": 0.1,
    "unitPrice": 25
  },
  {
    "name": "Giant Sour Cola Bottles",
    "url": "https://www.coles.com.au/product/coles-giant-sour-cola-bottles-approx.-100g-3769876",
    "img": "https://productimages.coles.com.au/productimages/3/3769876.jpg",
    "price": 2.5,
    "quantity": 0.1,
    "unitPrice": 25
  },
  {
    "name": "Strawberry Dream",
    "url": "https://www.coles.com.au/product/coles-strawberry-dream-approx.-100g-3769901",
    "img": "https://productimages.coles.com.au/productimages/3/3769901.jpg",
    "price": 2.5,
    "quantity": 0.1,
    "unitPrice": 25
  },
  {
    "name": "Jersey Caramels Fudge",
    "url": "https://www.coles.com.au/product/coles-jersey-caramels-fudge-approx.-100g-3770026",
    "img": "https://productimages.coles.com.au/productimages/3/3770026.jpg",
    "price": 2.5,
    "quantity": 0.1,
    "unitPrice": 25
  },
  {
    "name": "Speckles",
    "url": "https://www.coles.com.au/product/coles-speckles-approx.-100g-3770059",
    "img": "https://productimages.coles.com.au/productimages/3/3770059.jpg",
    "price": 2.5,
    "quantity": 0.1,
    "unitPrice": 25
  },
  {
    "name": "Lettuce Spinach",
    "url": "https://www.coles.com.au/product/coles-lettuce-spinach-120g-1499340",
    "img": "https://productimages.coles.com.au/productimages/1/1499340.jpg",
    "price": 3,
    "quantity": 0.12,
    "unitPrice": 25
  },
  {
    "name": "Lettuce Baby Rocket",
    "url": "https://www.coles.com.au/product/coles-lettuce-baby-rocket-120g-1499475",
    "img": "https://productimages.coles.com.au/productimages/1/1499475.jpg",
    "price": 3,
    "quantity": 0.12,
    "unitPrice": 25
  },
  {
    "name": "Salad Baby Leaf Spinach & Rocket",
    "url": "https://www.coles.com.au/product/coles-salad-baby-leaf-spinach-&-rocket-120g-each-5464290",
    "img": "https://productimages.coles.com.au/productimages/5/5464290.jpg",
    "price": 3,
    "quantity": 0.12,
    "unitPrice": 25
  },
  {
    "name": "Dried Mango Slices",
    "url": "https://www.coles.com.au/product/coles-dried-mango-slices-approx.-100g-1944206",
    "img": "https://productimages.coles.com.au/productimages/1/1944206.jpg",
    "price": 2.5,
    "quantity": 0.1,
    "unitPrice": 25
  },
  {
    "name": "Cashew & Soy Crisps Mix",
    "url": "https://www.coles.com.au/product/coles-cashew-&-soy-crisps-mix-approx.-100g-1958018",
    "img": "https://productimages.coles.com.au/productimages/1/1958018.jpg",
    "price": 2.5,
    "quantity": 0.1,
    "unitPrice": 25
  },
  {
    "name": "Nougat Supreme",
    "url": "https://www.coles.com.au/product/coles-nougat-supreme-approx.-100g-2349650",
    "img": "https://productimages.coles.com.au/productimages/2/2349650.jpg",
    "price": 2.5,
    "quantity": 0.1,
    "unitPrice": 25
  },
  {
    "name": "Yoghurt Cranberry",
    "url": "https://www.coles.com.au/product/coles-yoghurt-cranberry-approx.-100g-3020026",
    "img": "https://productimages.coles.com.au/productimages/3/3020026.jpg",
    "price": 2.5,
    "quantity": 0.1,
    "unitPrice": 25
  },
  {
    "name": "Peanut Butter Pretzels",
    "url": "https://www.coles.com.au/product/coles-peanut-butter-pretzels-approx.-100g-3198458",
    "img": "https://productimages.coles.com.au/productimages/3/3198458.jpg",
    "price": 2.5,
    "quantity": 0.1,
    "unitPrice": 25
  },
  {
    "name": "Sugared Giant Strawberries",
    "url": "https://www.coles.com.au/product/coles-sugared-giant-strawberries-approx.-100g-3769821",
    "img": "https://productimages.coles.com.au/productimages/3/3769821.jpg",
    "price": 2.5,
    "quantity": 0.1,
    "unitPrice": 25
  },
  {
    "name": "Giant Sour Cola Bottles",
    "url": "https://www.coles.com.au/product/coles-giant-sour-cola-bottles-approx.-100g-3769876",
    "img": "https://productimages.coles.com.au/productimages/3/3769876.jpg",
    "price": 2.5,
    "quantity": 0.1,
    "unitPrice": 25
  },
  {
    "name": "Strawberry Dream",
    "url": "https://www.coles.com.au/product/coles-strawberry-dream-approx.-100g-3769901",
    "img": "https://productimages.coles.com.au/productimages/3/3769901.jpg",
    "price": 2.5,
    "quantity": 0.1,
    "unitPrice": 25
  },
  {
    "name": "Jersey Caramels Fudge",
    "url": "https://www.coles.com.au/product/coles-jersey-caramels-fudge-approx.-100g-3770026",
    "img": "https://productimages.coles.com.au/productimages/3/3770026.jpg",
    "price": 2.5,
    "quantity": 0.1,
    "unitPrice": 25
  },
  {
    "name": "Speckles",
    "url": "https://www.coles.com.au/product/coles-speckles-approx.-100g-3770059",
    "img": "https://productimages.coles.com.au/productimages/3/3770059.jpg",
    "price": 2.5,
    "quantity": 0.1,
    "unitPrice": 25
  },
  {
    "name": "Sherbert Fizzies",
    "url": "https://www.coles.com.au/product/coles-sherbert-fizzies-approx.-100g-3770219",
    "img": "https://productimages.coles.com.au/productimages/3/3770219.jpg",
    "price": 2.5,
    "quantity": 0.1,
    "unitPrice": 25
  },
  {
    "name": "Black Sesame Crackers",
    "url": "https://www.coles.com.au/product/coles-black-sesame-crackers-approx.-100g-3917055",
    "img": "https://productimages.coles.com.au/productimages/3/3917055.jpg",
    "price": 2.5,
    "quantity": 0.1,
    "unitPrice": 25
  },
  {
    "name": "Dried Dates",
    "url": "https://www.coles.com.au/product/coles-dried-dates-approx.-100g-8412307",
    "img": "https://productimages.coles.com.au/productimages/8/8412307.jpg",
    "price": 2.5,
    "quantity": 0.1,
    "unitPrice": 25
  },
  {
    "name": "Superboost",
    "url": "https://www.coles.com.au/product/coles-superboost-approx.-100g-9918356",
    "img": "https://productimages.coles.com.au/productimages/9/9918356.jpg",
    "price": 2.5,
    "quantity": 0.1,
    "unitPrice": 25
  },
  {
    "name": "Split Green Olives",
    "url": "https://www.coles.com.au/product/coles-split-green-olives-approx.-100g-3067008",
    "img": "https://productimages.coles.com.au/productimages/3/3067008.jpg",
    "price": 2.5,
    "quantity": 0.1,
    "unitPrice": 25
  },
  {
    "name": "Mount Ash Pansize Bacon",
    "url": "https://www.coles.com.au/product/primo-mount-ash-pansize-bacon-approx.-125g-4304200",
    "img": "https://productimages.coles.com.au/productimages/4/4304200.jpg",
    "price": 3.12,
    "quantity": 0.125,
    "unitPrice": 25
  },
  {
    "name": "Antipasto Mix",
    "url": "https://www.coles.com.au/product/coles-deli--antipasto-mix-approx.-100g-5139540",
    "img": "https://productimages.coles.com.au/productimages/5/5139540.jpg",
    "price": 2.5,
    "quantity": 0.1,
    "unitPrice": 25
  },
  {
    "name": "Dark Chocolate Baking Chips",
    "url": "https://www.coles.com.au/product/cadbury-dark-chocolate-baking-chips-200g-2313608",
    "img": "https://productimages.coles.com.au/productimages/2/2313608.jpg",
    "price": 5,
    "quantity": 0.2,
    "unitPrice": 25
  },
  {
    "name": "White Chocolate Baking Chips",
    "url": "https://www.coles.com.au/product/cadbury-white-chocolate-baking-chips-200g-2313619",
    "img": "https://productimages.coles.com.au/productimages/2/2313619.jpg",
    "price": 5,
    "quantity": 0.2,
    "unitPrice": 25
  },
  {
    "name": "Milk Chocolate Baking Chips",
    "url": "https://www.coles.com.au/product/cadbury-milk-chocolate-baking-chips-200g-2313620",
    "img": "https://productimages.coles.com.au/productimages/2/2313620.jpg",
    "price": 5,
    "quantity": 0.2,
    "unitPrice": 25
  },
  {
    "name": "Black Chia Mix",
    "url": "https://www.coles.com.au/product/coles-black-chia-mix-200g-3337270",
    "img": "https://productimages.coles.com.au/productimages/3/3337270.jpg",
    "price": 5,
    "quantity": 0.2,
    "unitPrice": 25
  },
  {
    "name": "Premium Peach",
    "url": "https://www.coles.com.au/product/coles-premium-peach-200g-3571744",
    "img": "https://productimages.coles.com.au/productimages/3/3571744.jpg",
    "price": 5,
    "quantity": 0.2,
    "unitPrice": 25
  },
  {
    "name": "Premium Pineapple Pieces",
    "url": "https://www.coles.com.au/product/coles-premium-pineapple-pieces-200g-5466015",
    "img": "https://productimages.coles.com.au/productimages/5/5466015.jpg",
    "price": 5,
    "quantity": 0.2,
    "unitPrice": 25
  },
  {
    "name": "Egg Replacer No Egg ",
    "url": "https://www.coles.com.au/product/orgran-egg-replacer-no-egg--200g-5477204",
    "img": "https://productimages.coles.com.au/productimages/5/5477204.jpg",
    "price": 5,
    "quantity": 0.2,
    "unitPrice": 25
  },
  {
    "name": "99% Sugar Free Fudgy Brownies Mix",
    "url": "https://www.coles.com.au/product/noshu-99%-sugar-free-fudgy-brownies-mix-300g-3660390",
    "img": "https://productimages.coles.com.au/productimages/3/3660390.jpg",
    "price": 7.5,
    "quantity": 0.3,
    "unitPrice": 25
  },
  {
    "name": "98% Sugar Free Choc Chip Cookies Mix",
    "url": "https://www.coles.com.au/product/noshu-98%-sugar-free-choc-chip-cookies-mix-300g-3660436",
    "img": "https://productimages.coles.com.au/productimages/3/3660436.jpg",
    "price": 7.5,
    "quantity": 0.3,
    "unitPrice": 25
  },
  {
    "name": "Portuguese Style Sardines In Extra Virgin Olive Oil",
    "url": "https://www.coles.com.au/product/sole-mare-portuguese-style-sardines-in-extra-virgin-olive-oil-120g-3310977",
    "img": "https://productimages.coles.com.au/productimages/3/3310977.jpg",
    "price": 3,
    "quantity": 0.12,
    "unitPrice": 25
  },
  {
    "name": "Premium Skinless Boneless Salmon",
    "url": "https://www.coles.com.au/product/safcol-premium-skinless-boneless-salmon-200g-5122424",
    "img": "https://productimages.coles.com.au/productimages/5/5122424.jpg",
    "price": 5,
    "quantity": 0.2,
    "unitPrice": 25
  },
  {
    "name": "Original Liquid Seasoning",
    "url": "https://www.coles.com.au/product/maggi-original-liquid-seasoning-200ml-394041",
    "img": "https://productimages.coles.com.au/productimages/3/394041.jpg",
    "price": 5,
    "quantity": 0.2,
    "unitPrice": 25
  },
  {
    "name": "Onion Salt",
    "url": "https://www.coles.com.au/product/masterfoods-onion-salt-178g-8566297",
    "img": "https://productimages.coles.com.au/productimages/8/8566297.jpg",
    "price": 4.5,
    "quantity": 0.178,
    "unitPrice": 25
  },
  {
    "name": "Green Curry Paste",
    "url": "https://www.coles.com.au/product/mae-ploy-green-curry-paste-50g-5253568",
    "img": "https://productimages.coles.com.au/productimages/5/5253568.jpg",
    "price": 1.25,
    "quantity": 0.05,
    "unitPrice": 25
  },
  {
    "name": "R & S Mix Bombay Biryani",
    "url": "https://www.coles.com.au/product/shan-r-&-s-mix-bombay-biryani-60g-2154741",
    "img": "https://productimages.coles.com.au/productimages/2/2154741.jpg",
    "price": 1.5,
    "quantity": 0.06,
    "unitPrice": 25
  },
  {
    "name": "Chicken Biryani",
    "url": "https://www.coles.com.au/product/shan-chicken-biryani-60g-2154752",
    "img": "https://productimages.coles.com.au/productimages/2/2154752.jpg",
    "price": 1.5,
    "quantity": 0.06,
    "unitPrice": 25
  },
  {
    "name": "Stock Beef",
    "url": "https://www.coles.com.au/product/vegeta-stock-beef-180g-2379264",
    "img": "https://productimages.coles.com.au/productimages/2/2379264.jpg",
    "price": 4.5,
    "quantity": 0.18,
    "unitPrice": 25
  },
  {
    "name": "Frozen Petite Quiche Lorraine's 18 pack",
    "url": "https://www.coles.com.au/product/temptation-frozen-petite-quiche-lorraine's-18-pack-300g-6941191",
    "img": "https://productimages.coles.com.au/productimages/6/6941191.jpg",
    "price": 7.5,
    "quantity": 0.3,
    "unitPrice": 25
  },
  {
    "name": "Cookies & Creme Sticks 4Pack",
    "url": "https://www.coles.com.au/product/hershey's-cookies-&-creme-sticks-4pack-360ml-3407300",
    "img": "https://productimages.coles.com.au/productimages/3/3407300.jpg",
    "price": 9,
    "quantity": 0.36,
    "unitPrice": 25
  },
  {
    "name": "Twin Pack Peanut Butter & Chocolate 4 Pack",
    "url": "https://www.coles.com.au/product/reese's-twin-pack-peanut-butter-&-chocolate-4-pack-360ml-6277787",
    "img": "https://productimages.coles.com.au/productimages/6/6277787.jpg",
    "price": 9,
    "quantity": 0.36,
    "unitPrice": 25
  },
  {
    "name": "IM Free From Chicken Tenders",
    "url": "https://www.coles.com.au/product/coles-im-free-from-chicken-tenders-400g-1309060",
    "img": "https://productimages.coles.com.au/productimages/1/1309060.jpg",
    "price": 10,
    "quantity": 0.4,
    "unitPrice": 25
  },
  {
    "name": "Frozen Shanghai Pork Dumplings",
    "url": "https://www.coles.com.au/product/hanabi-frozen-shanghai-pork-dumplings-400g-2143337",
    "img": "https://productimages.coles.com.au/productimages/2/2143337.jpg",
    "price": 10,
    "quantity": 0.4,
    "unitPrice": 25
  },
  {
    "name": "Sugar Free Ice Cream Lil Nadas Chocolate & Vanilla 4 Pack",
    "url": "https://www.coles.com.au/product/denada-sugar-free-ice-cream-lil-nadas-chocolate-&-vanilla-4-pack-400ml-5482747",
    "img": "https://productimages.coles.com.au/productimages/5/5482747.jpg",
    "price": 10,
    "quantity": 0.4,
    "unitPrice": 25
  },
  {
    "name": "Loaded Chicken Parma Pie 2 pack",
    "url": "https://www.coles.com.au/product/mrs-macs-loaded-chicken-parma-pie-2-pack-400g-6514394",
    "img": "https://productimages.coles.com.au/productimages/6/6514394.jpg",
    "price": 10,
    "quantity": 0.4,
    "unitPrice": 25
  },
  {
    "name": "Loaded Roast Of The Day Pie 2 Pack",
    "url": "https://www.coles.com.au/product/mrs-macs-loaded-roast-of-the-day-pie-2-pack-400g-6514408",
    "img": "https://productimages.coles.com.au/productimages/6/6514408.jpg",
    "price": 10,
    "quantity": 0.4,
    "unitPrice": 25
  },
  {
    "name": "Frozen Pork Potstickers",
    "url": "https://www.coles.com.au/product/hanabi-frozen-pork-potstickers-500g-2214606",
    "img": "https://productimages.coles.com.au/productimages/2/2214606.jpg",
    "price": 12.5,
    "quantity": 0.5,
    "unitPrice": 25
  },
  {
    "name": "Bao Buns",
    "url": "https://www.coles.com.au/product/mr-chen's-bao-buns-640g-5287810",
    "img": "https://productimages.coles.com.au/productimages/5/5287810.jpg",
    "price": 16,
    "quantity": 0.64,
    "unitPrice": 25
  },
  {
    "name": "Frozen Petite Quiche Lorraine's 18 pack",
    "url": "https://www.coles.com.au/product/temptation-frozen-petite-quiche-lorraine's-18-pack-300g-6941191",
    "img": "https://productimages.coles.com.au/productimages/6/6941191.jpg",
    "price": 7.5,
    "quantity": 0.3,
    "unitPrice": 25
  },
  {
    "name": "Cookies & Creme Sticks 4Pack",
    "url": "https://www.coles.com.au/product/hershey's-cookies-&-creme-sticks-4pack-360ml-3407300",
    "img": "https://productimages.coles.com.au/productimages/3/3407300.jpg",
    "price": 9,
    "quantity": 0.36,
    "unitPrice": 25
  },
  {
    "name": "Twin Pack Peanut Butter & Chocolate 4 Pack",
    "url": "https://www.coles.com.au/product/reese's-twin-pack-peanut-butter-&-chocolate-4-pack-360ml-6277787",
    "img": "https://productimages.coles.com.au/productimages/6/6277787.jpg",
    "price": 9,
    "quantity": 0.36,
    "unitPrice": 25
  },
  {
    "name": "IM Free From Chicken Tenders",
    "url": "https://www.coles.com.au/product/coles-im-free-from-chicken-tenders-400g-1309060",
    "img": "https://productimages.coles.com.au/productimages/1/1309060.jpg",
    "price": 10,
    "quantity": 0.4,
    "unitPrice": 25
  },
  {
    "name": "Frozen Shanghai Pork Dumplings",
    "url": "https://www.coles.com.au/product/hanabi-frozen-shanghai-pork-dumplings-400g-2143337",
    "img": "https://productimages.coles.com.au/productimages/2/2143337.jpg",
    "price": 10,
    "quantity": 0.4,
    "unitPrice": 25
  },
  {
    "name": "Sugar Free Ice Cream Lil Nadas Chocolate & Vanilla 4 Pack",
    "url": "https://www.coles.com.au/product/denada-sugar-free-ice-cream-lil-nadas-chocolate-&-vanilla-4-pack-400ml-5482747",
    "img": "https://productimages.coles.com.au/productimages/5/5482747.jpg",
    "price": 10,
    "quantity": 0.4,
    "unitPrice": 25
  },
  {
    "name": "Loaded Chicken Parma Pie 2 pack",
    "url": "https://www.coles.com.au/product/mrs-macs-loaded-chicken-parma-pie-2-pack-400g-6514394",
    "img": "https://productimages.coles.com.au/productimages/6/6514394.jpg",
    "price": 10,
    "quantity": 0.4,
    "unitPrice": 25
  },
  {
    "name": "Loaded Roast Of The Day Pie 2 Pack",
    "url": "https://www.coles.com.au/product/mrs-macs-loaded-roast-of-the-day-pie-2-pack-400g-6514408",
    "img": "https://productimages.coles.com.au/productimages/6/6514408.jpg",
    "price": 10,
    "quantity": 0.4,
    "unitPrice": 25
  },
  {
    "name": "Frozen Pork Potstickers",
    "url": "https://www.coles.com.au/product/hanabi-frozen-pork-potstickers-500g-2214606",
    "img": "https://productimages.coles.com.au/productimages/2/2214606.jpg",
    "price": 12.5,
    "quantity": 0.5,
    "unitPrice": 25
  },
  {
    "name": "Bao Buns",
    "url": "https://www.coles.com.au/product/mr-chen's-bao-buns-640g-5287810",
    "img": "https://productimages.coles.com.au/productimages/5/5287810.jpg",
    "price": 16,
    "quantity": 0.64,
    "unitPrice": 25
  },
  {
    "name": "Sole Mare Portuguese Style Sardines",
    "url": "https://www.woolworths.com.au/shop/productdetails/67504",
    "img": "https://cdn0.woolworths.media/content/wowproductimages/medium/067504.jpg",
    "price": 3,
    "quantity": 0.12,
    "unitPrice": 25
  },
  {
    "name": "Safcol Salmon Premium",
    "url": "https://www.woolworths.com.au/shop/productdetails/78630",
    "img": "https://cdn0.woolworths.media/content/wowproductimages/medium/078630.jpg",
    "price": 5,
    "quantity": 0.2,
    "unitPrice": 25
  },
  {
    "name": "Woolworths Smoked Sprats In Oil",
    "url": "https://www.woolworths.com.au/shop/productdetails/129035",
    "img": "https://cdn0.woolworths.media/content/wowproductimages/medium/129035.jpg",
    "price": 3,
    "quantity": 0.12,
    "unitPrice": 25
  },
  {
    "name": "Sole Mare Portuguese Style Sardines In Tomato Sauce",
    "url": "https://www.woolworths.com.au/shop/productdetails/65889",
    "img": "https://cdn0.woolworths.media/content/wowproductimages/medium/065889.jpg",
    "price": 3,
    "quantity": 0.12,
    "unitPrice": 25
  },
  {
    "name": "Woolworths Smoked Sprats In Oil With Chilli",
    "url": "https://www.woolworths.com.au/shop/productdetails/129036",
    "img": "https://cdn0.woolworths.media/content/wowproductimages/medium/129036.jpg",
    "price": 3,
    "quantity": 0.12,
    "unitPrice": 25
  },
  {
    "name": "President Butter Salted",
    "url": "https://www.woolworths.com.au/shop/productdetails/84267",
    "img": "https://cdn0.woolworths.media/content/wowproductimages/medium/084267.jpg",
    "price": 5,
    "quantity": 0.2,
    "unitPrice": 25
  },
  {
    "name": "President Butter Unsalted",
    "url": "https://www.woolworths.com.au/shop/productdetails/83334",
    "img": "https://cdn0.woolworths.media/content/wowproductimages/medium/083334.jpg",
    "price": 5,
    "quantity": 0.2,
    "unitPrice": 25
  },
  {
    "name": "Chang's Sesame Oil",
    "url": "https://www.woolworths.com.au/shop/productdetails/92420",
    "img": "https://cdn0.woolworths.media/content/wowproductimages/medium/092420.jpg",
    "price": 7,
    "quantity": 0.28,
    "unitPrice": 25
  },
  {
    "name": "Trident Instant Soup Thai Tom Yum Goong With Noodle",
    "url": "https://www.woolworths.com.au/shop/productdetails/91922",
    "img": "https://cdn0.woolworths.media/content/wowproductimages/medium/091922.jpg",
    "price": 1.25,
    "quantity": 0.05,
    "unitPrice": 25
  },
  {
    "name": "Trident Instant Soup Thai Chicken With Noodles",
    "url": "https://www.woolworths.com.au/shop/productdetails/91920",
    "img": "https://cdn0.woolworths.media/content/wowproductimages/medium/091920.jpg",
    "price": 1.25,
    "quantity": 0.05,
    "unitPrice": 25
  },
  {
    "name": "Trident Hot & Spicy Flavour Thai With Noodles Soup",
    "url": "https://www.woolworths.com.au/shop/productdetails/11887",
    "img": "https://cdn0.woolworths.media/content/wowproductimages/medium/011887.jpg",
    "price": 1.25,
    "quantity": 0.05,
    "unitPrice": 25
  },
  {
    "name": "Trident Laksa Flavour Thai Noodle Soup",
    "url": "https://www.woolworths.com.au/shop/productdetails/114000",
    "img": "https://cdn0.woolworths.media/content/wowproductimages/medium/114000.jpg",
    "price": 1.25,
    "quantity": 0.05,
    "unitPrice": 25
  },
  {
    "name": "Trident Miso Flavour Noodle Soup",
    "url": "https://www.woolworths.com.au/shop/productdetails/278497",
    "img": "https://cdn0.woolworths.media/content/wowproductimages/medium/278497.jpg",
    "price": 1.25,
    "quantity": 0.05,
    "unitPrice": 25
  },
  {
    "name": "Home Chef Spinach & Feta Quiche Chilled Meal",
    "url": "https://www.woolworths.com.au/shop/productdetails/581055",
    "img": "https://cdn0.woolworths.media/content/wowproductimages/medium/581055.jpg",
    "price": 5,
    "quantity": 0.2,
    "unitPrice": 25
  },
  {
    "name": "Miguel Maestre Basque Burnt Cheesecake",
    "url": "https://www.woolworths.com.au/shop/productdetails/206059",
    "img": "https://cdn0.woolworths.media/content/wowproductimages/medium/206059.jpg",
    "price": 25,
    "quantity": 1,
    "unitPrice": 25
  },
  {
    "name": "Woolworths Cook Cauliflower Broccoli & Carrot With Herb Butter",
    "url": "https://www.woolworths.com.au/shop/productdetails/583617",
    "img": "https://cdn0.woolworths.media/content/wowproductimages/medium/583617.jpg",
    "price": 5,
    "quantity": 0.2,
    "unitPrice": 25
  },
  {
    "name": "Chobani Flip Greek Yogurt Cookies & Cream Crunch",
    "url": "https://www.woolworths.com.au/shop/productdetails/687630",
    "img": "https://cdn0.woolworths.media/content/wowproductimages/medium/687630.jpg",
    "price": 3.5,
    "quantity": 0.14,
    "unitPrice": 25
  },
  {
    "name": "Chobani Flip Greek Yogurt Strawberry Shortcake",
    "url": "https://www.woolworths.com.au/shop/productdetails/687605",
    "img": "https://cdn0.woolworths.media/content/wowproductimages/medium/687605.jpg",
    "price": 3.5,
    "quantity": 0.14,
    "unitPrice": 25
  },
  {
    "name": "Chobani Flip Greek Yogurt Mint Choc Chip",
    "url": "https://www.woolworths.com.au/shop/productdetails/611904",
    "img": "https://cdn0.woolworths.media/content/wowproductimages/medium/611904.jpg",
    "price": 3.5,
    "quantity": 0.14,
    "unitPrice": 25
  },
  {
    "name": "Chobani Flip Greek Yogurt Almond Coco Loco",
    "url": "https://www.woolworths.com.au/shop/productdetails/611783",
    "img": "https://cdn0.woolworths.media/content/wowproductimages/medium/611783.jpg",
    "price": 3.5,
    "quantity": 0.14,
    "unitPrice": 25
  },
  {
    "name": "Chobani Flip Greek Yogurt Triple Choc Brownie",
    "url": "https://www.woolworths.com.au/shop/productdetails/267425",
    "img": "https://cdn0.woolworths.media/content/wowproductimages/medium/267425.jpg",
    "price": 3.5,
    "quantity": 0.14,
    "unitPrice": 25
  },
  {
    "name": "Chobani Flip Greek Yogurt Gran's Apple Crumble",
    "url": "https://www.woolworths.com.au/shop/productdetails/267143",
    "img": "https://cdn0.woolworths.media/content/wowproductimages/medium/267143.jpg",
    "price": 3.5,
    "quantity": 0.14,
    "unitPrice": 25
  },
  {
    "name": "Woolworths Chinese Bbq Pork From The Deli",
    "url": "https://www.woolworths.com.au/shop/productdetails/659932",
    "img": "https://cdn0.woolworths.media/content/wowproductimages/medium/659932.jpg",
    "price": 25,
    "quantity": 1,
    "unitPrice": 25
  },
  {
    "name": "Woolworths",
    "url": "https://www.woolworths.com.au/shop/productdetails/317306",
    "img": "https://cdn0.woolworths.media/content/wowproductimages/medium/317306.jpg",
    "price": 10,
    "quantity": 0.4,
    "unitPrice": 25
  },
  {
    "name": "K-roo Kangaroo Steak",
    "url": "https://www.woolworths.com.au/shop/productdetails/132996",
    "img": "https://cdn0.woolworths.media/content/wowproductimages/medium/132996.jpg",
    "price": 15,
    "quantity": 0.6,
    "unitPrice": 25
  },
  {
    "name": "K-roo Kangaroo Steak Marinated",
    "url": "https://www.woolworths.com.au/shop/productdetails/117132",
    "img": "https://cdn0.woolworths.media/content/wowproductimages/medium/117132.jpg",
    "price": 15,
    "quantity": 0.6,
    "unitPrice": 25
  },
  {
    "name": "Woolworths Beef Short Ribs With Pitmaster Rub",
    "url": "https://www.woolworths.com.au/shop/productdetails/317385",
    "img": "https://cdn0.woolworths.media/content/wowproductimages/medium/317385.jpg",
    "price": 38.75,
    "quantity": 1.55,
    "unitPrice": 25
  },
  {
    "name": "Masterfoods Finely Chopped Ginger",
    "url": "https://www.woolworths.com.au/shop/productdetails/9185",
    "img": "https://cdn0.woolworths.media/content/wowproductimages/medium/009185.jpg",
    "price": 4,
    "quantity": 0.16,
    "unitPrice": 25
  },
  {
    "name": "Masterfoods Finely Chopped Chilli",
    "url": "https://www.woolworths.com.au/shop/productdetails/9591",
    "img": "https://cdn0.woolworths.media/content/wowproductimages/medium/009591.jpg",
    "price": 4,
    "quantity": 0.16,
    "unitPrice": 25
  },
  {
    "name": "Masterfoods Onion Salt",
    "url": "https://www.woolworths.com.au/shop/productdetails/115148",
    "img": "https://cdn0.woolworths.media/content/wowproductimages/medium/115148.jpg",
    "price": 4.5,
    "quantity": 0.178,
    "unitPrice": 25
  },
  {
    "name": "Natvia Strawberry Fruit Spread",
    "url": "https://www.woolworths.com.au/shop/productdetails/855607",
    "img": "https://cdn0.woolworths.media/content/wowproductimages/medium/855607.jpg",
    "price": 6,
    "quantity": 0.24,
    "unitPrice": 25
  },
  {
    "name": "Natvia Raspberry Fruit Spread",
    "url": "https://www.woolworths.com.au/shop/productdetails/855610",
    "img": "https://cdn0.woolworths.media/content/wowproductimages/medium/855610.jpg",
    "price": 6,
    "quantity": 0.24,
    "unitPrice": 25
  },
  {
    "name": "Leggo's Tomato Paste Triple Concentrate Tub",
    "url": "https://www.woolworths.com.au/shop/productdetails/91990",
    "img": "https://cdn0.woolworths.media/content/wowproductimages/medium/091990.jpg",
    "price": 3.5,
    "quantity": 0.14,
    "unitPrice": 25
  },
  {
    "name": "Leggo's Tomato Paste No Added Salt Triple Concentrate Tub",
    "url": "https://www.woolworths.com.au/shop/productdetails/22078",
    "img": "https://cdn0.woolworths.media/content/wowproductimages/medium/022078.jpg",
    "price": 3.5,
    "quantity": 0.14,
    "unitPrice": 25
  },
  {
    "name": "Leggo's Pizza Sauce Garlic Onion Herb Triple Concentrate Tub",
    "url": "https://www.woolworths.com.au/shop/productdetails/98571",
    "img": "https://cdn0.woolworths.media/content/wowproductimages/medium/098571.jpg",
    "price": 3.5,
    "quantity": 0.14,
    "unitPrice": 25
  },
  {
    "name": "Maggi Seasoning Sauce",
    "url": "https://www.woolworths.com.au/shop/productdetails/95064",
    "img": "https://cdn0.woolworths.media/content/wowproductimages/medium/095064.jpg",
    "price": 5,
    "quantity": 0.2,
    "unitPrice": 25
  },
  {
    "name": "Conimex Ketjap Manis Sweet Soy Sauce",
    "url": "https://www.woolworths.com.au/shop/productdetails/202710",
    "img": "https://cdn0.woolworths.media/content/wowproductimages/medium/202710.jpg",
    "price": 6,
    "quantity": 0.24,
    "unitPrice": 25
  },
  {
    "name": "Nestle Bakers' Choice Dark Choc Bits",
    "url": "https://www.woolworths.com.au/shop/productdetails/490008",
    "img": "https://cdn0.woolworths.media/content/wowproductimages/medium/490008.jpg",
    "price": 5,
    "quantity": 0.2,
    "unitPrice": 25
  },
  {
    "name": "Nestle Bakers' Choice White Choc Bits",
    "url": "https://www.woolworths.com.au/shop/productdetails/490083",
    "img": "https://cdn0.woolworths.media/content/wowproductimages/medium/490083.jpg",
    "price": 5,
    "quantity": 0.2,
    "unitPrice": 25
  },
  {
    "name": "Nestle Bakers' Choice Milk Choc Bits",
    "url": "https://www.woolworths.com.au/shop/productdetails/490082",
    "img": "https://cdn0.woolworths.media/content/wowproductimages/medium/490082.jpg",
    "price": 5,
    "quantity": 0.2,
    "unitPrice": 25
  },
  {
    "name": "Raw Earth Brown Stevia",
    "url": "https://www.woolworths.com.au/shop/productdetails/279785",
    "img": "https://cdn0.woolworths.media/content/wowproductimages/medium/279785.jpg",
    "price": 5,
    "quantity": 0.2,
    "unitPrice": 25
  },
  {
    "name": "Woolworths Roasted & Diced Cashews",
    "url": "https://www.woolworths.com.au/shop/productdetails/147616",
    "img": "https://cdn0.woolworths.media/content/wowproductimages/medium/147616.jpg",
    "price": 5,
    "quantity": 0.2,
    "unitPrice": 25
  },
  {
    "name": "Seriously Low Carb Self Raising Flour",
    "url": "https://www.woolworths.com.au/shop/productdetails/143028",
    "img": "https://cdn0.woolworths.media/content/wowproductimages/medium/143028.jpg",
    "price": 7.5,
    "quantity": 0.3,
    "unitPrice": 25
  },
  {
    "name": "Seriously Low Carb Seeded Bread Mix",
    "url": "https://www.woolworths.com.au/shop/productdetails/142329",
    "img": "https://cdn0.woolworths.media/content/wowproductimages/medium/142329.jpg",
    "price": 7.5,
    "quantity": 0.3,
    "unitPrice": 25
  },
  {
    "name": "Sunsweet Dried Plums Pitted Prunes 1.59kg",
    "url": "https://www.woolworths.com.au/shop/productdetails/1074599936",
    "img": "https://cdn0.woolworths.media/content/wowproductimages/medium/1074599936.jpg",
    "price": 39.75,
    "quantity": 1.59,
    "unitPrice": 25
  },
  {
    "name": "Woolworths Cook Japanese Inspired Maple & Miso Pork Bao Bun Kit",
    "url": "https://www.woolworths.com.au/shop/productdetails/189422",
    "img": "https://cdn0.woolworths.media/content/wowproductimages/medium/189422.jpg",
    "price": 16.5,
    "quantity": 0.655,
    "unitPrice": 25.19
  },
  {
    "name": "Blue Mountain Style Medium Roast Ground Coffee",
    "url": "https://www.coles.com.au/product/melitta-blue-mountain-style-medium-roast-ground-coffee-250g-344076",
    "img": "https://productimages.coles.com.au/productimages/3/344076.jpg",
    "price": 6.3,
    "quantity": 0.25,
    "unitPrice": 25.2
  },
  {
    "name": "Sfogliatine Glassate Wafers",
    "url": "https://www.coles.com.au/product/i-dolci-di-montagna-sfogliatine-glassate-wafers-135g-8303312",
    "img": "https://productimages.coles.com.au/productimages/8/8303312.jpg",
    "price": 3.4,
    "quantity": 0.135,
    "unitPrice": 25.2
  },
  {
    "name": "Kikkoman Soy Sauce Gluten Free Soy",
    "url": "https://www.woolworths.com.au/shop/productdetails/370455",
    "img": "https://cdn0.woolworths.media/content/wowproductimages/medium/370455.jpg",
    "price": 6.3,
    "quantity": 0.25,
    "unitPrice": 25.2
  },
  {
    "name": "Woolworths Walnuts Pieces",
    "url": "https://www.woolworths.com.au/shop/productdetails/89758",
    "img": "https://cdn0.woolworths.media/content/wowproductimages/medium/089758.jpg",
    "price": 6.3,
    "quantity": 0.25,
    "unitPrice": 25.2
  },
  {
    "name": "Macro Cashew Kernels",
    "url": "https://www.woolworths.com.au/shop/productdetails/231812",
    "img": "https://cdn0.woolworths.media/content/wowproductimages/medium/231812.jpg",
    "price": 6.3,
    "quantity": 0.25,
    "unitPrice": 25.2
  },
  {
    "name": "Brown Rice & Quinoa With Tuna",
    "url": "https://www.coles.com.au/product/sirena-brown-rice-&-quinoa-with-tuna-170g-2510201",
    "img": "https://productimages.coles.com.au/productimages/2/2510201.jpg",
    "price": 4.3,
    "quantity": 0.17,
    "unitPrice": 25.29
  },
  {
    "name": "Tuna & Pasta Sicilian Style",
    "url": "https://www.coles.com.au/product/sirena-tuna-&-pasta-sicilian-style-170g-3189413",
    "img": "https://productimages.coles.com.au/productimages/3/3189413.jpg",
    "price": 4.3,
    "quantity": 0.17,
    "unitPrice": 25.29
  },
  {
    "name": "Italian Style Salad With Tuna",
    "url": "https://www.coles.com.au/product/sirena-italian-style-salad-with-tuna-170g-3320176",
    "img": "https://productimages.coles.com.au/productimages/3/3320176.jpg",
    "price": 4.3,
    "quantity": 0.17,
    "unitPrice": 25.29
  },
  {
    "name": "Napoli Style Pasta With Tuna",
    "url": "https://www.coles.com.au/product/sirena-napoli-style-pasta-with-tuna-170g-3853575",
    "img": "https://productimages.coles.com.au/productimages/3/3853575.jpg",
    "price": 4.3,
    "quantity": 0.17,
    "unitPrice": 25.29
  },
  {
    "name": "Tuna Pasta Pesto",
    "url": "https://www.coles.com.au/product/sirena-tuna-pasta-pesto-170g-5454800",
    "img": "https://productimages.coles.com.au/productimages/5/5454800.jpg",
    "price": 4.3,
    "quantity": 0.17,
    "unitPrice": 25.29
  },
  {
    "name": "Tuna With Barley Salad",
    "url": "https://www.coles.com.au/product/sirena-tuna-with-barley-salad-170g-5454934",
    "img": "https://productimages.coles.com.au/productimages/5/5454934.jpg",
    "price": 4.3,
    "quantity": 0.17,
    "unitPrice": 25.29
  },
  {
    "name": "Mexican Rice With Tuna",
    "url": "https://www.coles.com.au/product/sirena-mexican-rice-with-tuna-170g-7070332",
    "img": "https://productimages.coles.com.au/productimages/7/7070332.jpg",
    "price": 4.3,
    "quantity": 0.17,
    "unitPrice": 25.29
  },
  {
    "name": "Riviana Crabmeat",
    "url": "https://www.woolworths.com.au/shop/productdetails/959439",
    "img": "https://cdn0.woolworths.media/content/wowproductimages/medium/959439.jpg",
    "price": 4.3,
    "quantity": 0.17,
    "unitPrice": 25.29
  },
  {
    "name": "Sirena Brown Rice & Quinoa With Tuna",
    "url": "https://www.woolworths.com.au/shop/productdetails/801522",
    "img": "https://cdn0.woolworths.media/content/wowproductimages/medium/801522.jpg",
    "price": 4.3,
    "quantity": 0.17,
    "unitPrice": 25.29
  },
  {
    "name": "Sirena Italian Style Salad With Tuna",
    "url": "https://www.woolworths.com.au/shop/productdetails/802544",
    "img": "https://cdn0.woolworths.media/content/wowproductimages/medium/802544.jpg",
    "price": 4.3,
    "quantity": 0.17,
    "unitPrice": 25.29
  },
  {
    "name": "Sirena Sicilian Style Pasta With Tuna",
    "url": "https://www.woolworths.com.au/shop/productdetails/801493",
    "img": "https://cdn0.woolworths.media/content/wowproductimages/medium/801493.jpg",
    "price": 4.3,
    "quantity": 0.17,
    "unitPrice": 25.29
  },
  {
    "name": "Sirena Napoli Style Pasta With Tuna",
    "url": "https://www.woolworths.com.au/shop/productdetails/238063",
    "img": "https://cdn0.woolworths.media/content/wowproductimages/medium/238063.jpg",
    "price": 4.3,
    "quantity": 0.17,
    "unitPrice": 25.29
  },
  {
    "name": "Sirena Pesto Pasta With Tuna",
    "url": "https://www.woolworths.com.au/shop/productdetails/333854",
    "img": "https://cdn0.woolworths.media/content/wowproductimages/medium/333854.jpg",
    "price": 4.3,
    "quantity": 0.17,
    "unitPrice": 25.29
  },
  {
    "name": "Sirena Mexican Rice With Tuna",
    "url": "https://www.woolworths.com.au/shop/productdetails/333873",
    "img": "https://cdn0.woolworths.media/content/wowproductimages/medium/333873.jpg",
    "price": 4.3,
    "quantity": 0.17,
    "unitPrice": 25.29
  },
  {
    "name": "Sirena Barley Salad With Tuna",
    "url": "https://www.woolworths.com.au/shop/productdetails/333845",
    "img": "https://cdn0.woolworths.media/content/wowproductimages/medium/333845.jpg",
    "price": 4.3,
    "quantity": 0.17,
    "unitPrice": 25.29
  },
  {
    "name": "Papagalos Greek Coffee",
    "url": "https://www.coles.com.au/product/loumidis-papagalos-greek-coffee-490g-5846606",
    "img": "https://productimages.coles.com.au/productimages/5/5846606.jpg",
    "price": 12.4,
    "quantity": 0.49,
    "unitPrice": 25.3
  },
  {
    "name": "Double Choc Ice Cream Tub",
    "url": "https://www.coles.com.au/product/denada-double-choc-ice-cream-tub-475ml-3508250",
    "img": "https://productimages.coles.com.au/productimages/3/3508250.jpg",
    "price": 12,
    "quantity": 0.475,
    "unitPrice": 25.3
  },
  {
    "name": "Ice Cream Mango Split",
    "url": "https://www.coles.com.au/product/denada-ice-cream-mango-split-475ml-4507139",
    "img": "https://productimages.coles.com.au/productimages/4/4507139.jpg",
    "price": 12,
    "quantity": 0.475,
    "unitPrice": 25.3
  },
  {
    "name": "Sugar Free Espresso Chocolate Fudge Vegan Ice Cream",
    "url": "https://www.coles.com.au/product/denada-sugar-free-espresso-chocolate-fudge-vegan-ice-cream-475ml-5040501",
    "img": "https://productimages.coles.com.au/productimages/5/5040501.jpg",
    "price": 12,
    "quantity": 0.475,
    "unitPrice": 25.3
  },
  {
    "name": "Sugar Free Ice Cream Raspberry Ribbon Vegan",
    "url": "https://www.coles.com.au/product/denada-sugar-free-ice-cream-raspberry-ribbon-vegan-475ml-5482714",
    "img": "https://productimages.coles.com.au/productimages/5/5482714.jpg",
    "price": 12,
    "quantity": 0.475,
    "unitPrice": 25.3
  },
  {
    "name": "5 Formaggi With Fig Sauce Pizza",
    "url": "https://www.coles.com.au/product/destination-italy-5-formaggi-with-fig-sauce-pizza-434g-7027402",
    "img": "https://productimages.coles.com.au/productimages/7/7027402.jpg",
    "price": 11,
    "quantity": 0.434,
    "unitPrice": 25.3
  },
  {
    "name": "Double Choc Ice Cream Tub",
    "url": "https://www.coles.com.au/product/denada-double-choc-ice-cream-tub-475ml-3508250",
    "img": "https://productimages.coles.com.au/productimages/3/3508250.jpg",
    "price": 12,
    "quantity": 0.475,
    "unitPrice": 25.3
  },
  {
    "name": "Ice Cream Mango Split",
    "url": "https://www.coles.com.au/product/denada-ice-cream-mango-split-475ml-4507139",
    "img": "https://productimages.coles.com.au/productimages/4/4507139.jpg",
    "price": 12,
    "quantity": 0.475,
    "unitPrice": 25.3
  },
  {
    "name": "Sugar Free Espresso Chocolate Fudge Vegan Ice Cream",
    "url": "https://www.coles.com.au/product/denada-sugar-free-espresso-chocolate-fudge-vegan-ice-cream-475ml-5040501",
    "img": "https://productimages.coles.com.au/productimages/5/5040501.jpg",
    "price": 12,
    "quantity": 0.475,
    "unitPrice": 25.3
  },
  {
    "name": "Sugar Free Ice Cream Raspberry Ribbon Vegan",
    "url": "https://www.coles.com.au/product/denada-sugar-free-ice-cream-raspberry-ribbon-vegan-475ml-5482714",
    "img": "https://productimages.coles.com.au/productimages/5/5482714.jpg",
    "price": 12,
    "quantity": 0.475,
    "unitPrice": 25.3
  },
  {
    "name": "5 Formaggi With Fig Sauce Pizza",
    "url": "https://www.coles.com.au/product/destination-italy-5-formaggi-with-fig-sauce-pizza-434g-7027402",
    "img": "https://productimages.coles.com.au/productimages/7/7027402.jpg",
    "price": 11,
    "quantity": 0.434,
    "unitPrice": 25.3
  },
  {
    "name": "Seafood Basket",
    "url": "https://www.coles.com.au/product/coles-seafood-basket-300g-3272244",
    "img": "https://productimages.coles.com.au/productimages/3/3272244.jpg",
    "price": 7.6,
    "quantity": 0.3,
    "unitPrice": 25.33
  },
  {
    "name": "Seafood Basket",
    "url": "https://www.coles.com.au/product/coles-seafood-basket-300g-3272244",
    "img": "https://productimages.coles.com.au/productimages/3/3272244.jpg",
    "price": 7.6,
    "quantity": 0.3,
    "unitPrice": 25.33
  },
  {
    "name": "Ristorante Mozzarella Pizza",
    "url": "https://www.coles.com.au/product/dr-oetker-ristorante-mozzarella-pizza-355g-6545434",
    "img": "https://productimages.coles.com.au/productimages/6/6545434.jpg",
    "price": 9,
    "quantity": 0.355,
    "unitPrice": 25.4
  },
  {
    "name": "Frozen Ristorante Hawaii Pizza",
    "url": "https://www.coles.com.au/product/dr.-oetker-frozen-ristorante-hawaii-pizza-355g-8634954",
    "img": "https://productimages.coles.com.au/productimages/8/8634954.jpg",
    "price": 9,
    "quantity": 0.355,
    "unitPrice": 25.4
  },
  {
    "name": "Ginger Prawn Dumplings",
    "url": "https://www.coles.com.au/product/mr-chen's-ginger-prawn-dumplings-630g-5287821",
    "img": "https://productimages.coles.com.au/productimages/5/5287821.jpg",
    "price": 16,
    "quantity": 0.63,
    "unitPrice": 25.4
  },
  {
    "name": "Ristorante Mozzarella Pizza",
    "url": "https://www.coles.com.au/product/dr-oetker-ristorante-mozzarella-pizza-355g-6545434",
    "img": "https://productimages.coles.com.au/productimages/6/6545434.jpg",
    "price": 9,
    "quantity": 0.355,
    "unitPrice": 25.4
  },
  {
    "name": "Frozen Ristorante Hawaii Pizza",
    "url": "https://www.coles.com.au/product/dr.-oetker-frozen-ristorante-hawaii-pizza-355g-8634954",
    "img": "https://productimages.coles.com.au/productimages/8/8634954.jpg",
    "price": 9,
    "quantity": 0.355,
    "unitPrice": 25.4
  },
  {
    "name": "Ginger Prawn Dumplings",
    "url": "https://www.coles.com.au/product/mr-chen's-ginger-prawn-dumplings-630g-5287821",
    "img": "https://productimages.coles.com.au/productimages/5/5287821.jpg",
    "price": 16,
    "quantity": 0.63,
    "unitPrice": 25.4
  },
  {
    "name": "Chilli Tuna",
    "url": "https://www.coles.com.au/product/sirena-chilli-tuna-185g-6061041",
    "img": "https://productimages.coles.com.au/productimages/6/6061041.jpg",
    "price": 4.7,
    "quantity": 0.185,
    "unitPrice": 25.41
  },
  {
    "name": "Tuna in Springwater",
    "url": "https://www.coles.com.au/product/sirena-tuna-in-springwater-185g-7392565",
    "img": "https://productimages.coles.com.au/productimages/7/7392565.jpg",
    "price": 4.7,
    "quantity": 0.185,
    "unitPrice": 25.41
  },
  {
    "name": "Tuna in Oil Italian Style",
    "url": "https://www.coles.com.au/product/sirena-tuna-in-oil-italian-style-185g-244264",
    "img": "https://productimages.coles.com.au/productimages/2/244264.jpg",
    "price": 4.7,
    "quantity": 0.185,
    "unitPrice": 25.41
  },
  {
    "name": "La Vita Lite Tuna In Oil",
    "url": "https://www.coles.com.au/product/sirena-la-vita-lite-tuna-in-oil-185g-3114378",
    "img": "https://productimages.coles.com.au/productimages/3/3114378.jpg",
    "price": 4.7,
    "quantity": 0.185,
    "unitPrice": 25.41
  },
  {
    "name": "Chilli Tuna",
    "url": "https://www.coles.com.au/product/sirena-chilli-tuna-185g-6061041",
    "img": "https://productimages.coles.com.au/productimages/6/6061041.jpg",
    "price": 4.7,
    "quantity": 0.185,
    "unitPrice": 25.41
  },
  {
    "name": "Tuna in Springwater",
    "url": "https://www.coles.com.au/product/sirena-tuna-in-springwater-185g-7392565",
    "img": "https://productimages.coles.com.au/productimages/7/7392565.jpg",
    "price": 4.7,
    "quantity": 0.185,
    "unitPrice": 25.41
  },
  {
    "name": "Tofu Chinese Honey Soy",
    "url": "https://www.coles.com.au/product/soyco-tofu-chinese-honey-soy-200g-9098809",
    "img": "https://productimages.coles.com.au/productimages/9/9098809.jpg",
    "price": 5.1,
    "quantity": 0.2,
    "unitPrice": 25.5
  },
  {
    "name": "Tofu Malaysian Peanut Satay",
    "url": "https://www.coles.com.au/product/soyco-tofu-malaysian-peanut-satay-200g-9099120",
    "img": "https://productimages.coles.com.au/productimages/9/9099120.jpg",
    "price": 5.1,
    "quantity": 0.2,
    "unitPrice": 25.5
  },
  {
    "name": "Dried Pineapple Rings",
    "url": "https://www.coles.com.au/product/coles-dried-pineapple-rings-200g-3559374",
    "img": "https://productimages.coles.com.au/productimages/3/3559374.jpg",
    "price": 5.1,
    "quantity": 0.2,
    "unitPrice": 25.5
  },
  {
    "name": "Frozen King Island Frozen Beef Sausage Rolls 12 pack",
    "url": "https://www.coles.com.au/product/herbert-adams-frozen-king-island-frozen-beef-sausage-rolls-12-pack-420g-2900636",
    "img": "https://productimages.coles.com.au/productimages/2/2900636.jpg",
    "price": 10.7,
    "quantity": 0.42,
    "unitPrice": 25.5
  },
  {
    "name": "Premium Gourmet King Island Beef Party Pies 12 pack",
    "url": "https://www.coles.com.au/product/herbert-adams-premium-gourmet-king-island-beef-party-pies-12-pack-420g-8693170",
    "img": "https://productimages.coles.com.au/productimages/8/8693170.jpg",
    "price": 10.7,
    "quantity": 0.42,
    "unitPrice": 25.5
  },
  {
    "name": "Plant Based Chicken Strips",
    "url": "https://www.coles.com.au/product/birds-eye-plant-based-chicken-strips-200g-4327352",
    "img": "https://productimages.coles.com.au/productimages/4/4327352.jpg",
    "price": 5.1,
    "quantity": 0.2,
    "unitPrice": 25.5
  },
  {
    "name": "Plant Based Lamb Strips",
    "url": "https://www.coles.com.au/product/birds-eye-plant-based-lamb-strips-200g-5143399",
    "img": "https://productimages.coles.com.au/productimages/5/5143399.jpg",
    "price": 5.1,
    "quantity": 0.2,
    "unitPrice": 25.5
  },
  {
    "name": "Frozen King Island Frozen Beef Sausage Rolls 12 pack",
    "url": "https://www.coles.com.au/product/herbert-adams-frozen-king-island-frozen-beef-sausage-rolls-12-pack-420g-2900636",
    "img": "https://productimages.coles.com.au/productimages/2/2900636.jpg",
    "price": 10.7,
    "quantity": 0.42,
    "unitPrice": 25.5
  },
  {
    "name": "Premium Gourmet King Island Beef Party Pies 12 pack",
    "url": "https://www.coles.com.au/product/herbert-adams-premium-gourmet-king-island-beef-party-pies-12-pack-420g-8693170",
    "img": "https://productimages.coles.com.au/productimages/8/8693170.jpg",
    "price": 10.7,
    "quantity": 0.42,
    "unitPrice": 25.5
  },
  {
    "name": "Plant Based Chicken Strips",
    "url": "https://www.coles.com.au/product/birds-eye-plant-based-chicken-strips-200g-4327352",
    "img": "https://productimages.coles.com.au/productimages/4/4327352.jpg",
    "price": 5.1,
    "quantity": 0.2,
    "unitPrice": 25.5
  },
  {
    "name": "Plant Based Lamb Strips",
    "url": "https://www.coles.com.au/product/birds-eye-plant-based-lamb-strips-200g-5143399",
    "img": "https://productimages.coles.com.au/productimages/5/5143399.jpg",
    "price": 5.1,
    "quantity": 0.2,
    "unitPrice": 25.5
  },
  {
    "name": "Don Bacon Pan Size Rindless",
    "url": "https://www.woolworths.com.au/shop/productdetails/178241",
    "img": "https://cdn0.woolworths.media/content/wowproductimages/medium/178241.jpg",
    "price": 5.1,
    "quantity": 0.2,
    "unitPrice": 25.5
  },
  {
    "name": "Don Bacon Pansize Double Smoked",
    "url": "https://www.woolworths.com.au/shop/productdetails/178202",
    "img": "https://cdn0.woolworths.media/content/wowproductimages/medium/178202.jpg",
    "price": 5.1,
    "quantity": 0.2,
    "unitPrice": 25.5
  },
  {
    "name": "Don Short Cut Rindless Bacon",
    "url": "https://www.woolworths.com.au/shop/productdetails/220824",
    "img": "https://cdn0.woolworths.media/content/wowproductimages/medium/220824.jpg",
    "price": 5.1,
    "quantity": 0.2,
    "unitPrice": 25.5
  },
  {
    "name": "Extra Virgin Olive Oil Blend & Pink Salt Deli Tuna",
    "url": "https://www.coles.com.au/product/john-west-extra-virgin-olive-oil-blend-&-pink-salt-deli-tuna-90g-3616230",
    "img": "https://productimages.coles.com.au/productimages/3/3616230.jpg",
    "price": 2.3,
    "quantity": 0.09,
    "unitPrice": 25.56
  },
  {
    "name": "Chilli Infused Oil & Lemon Zest Deli Tuna",
    "url": "https://www.coles.com.au/product/john-west-chilli-infused-oil-&-lemon-zest-deli-tuna-90g-3616285",
    "img": "https://productimages.coles.com.au/productimages/3/3616285.jpg",
    "price": 2.3,
    "quantity": 0.09,
    "unitPrice": 25.56
  },
  {
    "name": "Rosemary & Sea Salt In Oil Deli Tuna",
    "url": "https://www.coles.com.au/product/john-west-rosemary-&-sea-salt-in-oil-deli-tuna-90g-3616605",
    "img": "https://productimages.coles.com.au/productimages/3/3616605.jpg",
    "price": 2.3,
    "quantity": 0.09,
    "unitPrice": 25.56
  },
  {
    "name": "Cherry Tomato & Chilli Infused Oil Deli Tuna",
    "url": "https://www.coles.com.au/product/john-west-cherry-tomato-&-chilli-infused-oil-deli-tuna-90g-3619283",
    "img": "https://productimages.coles.com.au/productimages/3/3619283.jpg",
    "price": 2.3,
    "quantity": 0.09,
    "unitPrice": 25.56
  },
  {
    "name": "Zesty Lemon & Italian Herbs Deli Tuna",
    "url": "https://www.coles.com.au/product/john-west-zesty-lemon-&-italian-herbs-deli-tuna-90g-3619294",
    "img": "https://productimages.coles.com.au/productimages/3/3619294.jpg",
    "price": 2.3,
    "quantity": 0.09,
    "unitPrice": 25.56
  },
  {
    "name": "Lime Ginger & A Hint Of Chilli In Oil Deli Tuna",
    "url": "https://www.coles.com.au/product/john-west-lime-ginger-&-a-hint-of-chilli-in-oil-deli-tuna-90g-3619308",
    "img": "https://productimages.coles.com.au/productimages/3/3619308.jpg",
    "price": 2.3,
    "quantity": 0.09,
    "unitPrice": 25.56
  },
  {
    "name": "Soy & Caramelised Garlic In Oil Deli Tuna",
    "url": "https://www.coles.com.au/product/john-west-soy-&-caramelised-garlic-in-oil-deli-tuna-90g-3619319",
    "img": "https://productimages.coles.com.au/productimages/3/3619319.jpg",
    "price": 2.3,
    "quantity": 0.09,
    "unitPrice": 25.56
  },
  {
    "name": "Protein + Calcium Tuna:Chilli",
    "url": "https://www.coles.com.au/product/john-west-protein-+-calcium-tuna:chilli-90g-3919924",
    "img": "https://productimages.coles.com.au/productimages/3/3919924.jpg",
    "price": 2.3,
    "quantity": 0.09,
    "unitPrice": 25.56
  },
  {
    "name": "Protein + Calcium Tuna In Oil",
    "url": "https://www.coles.com.au/product/john-west-protein-+-calcium-tuna-in-oil-90g-3919935",
    "img": "https://productimages.coles.com.au/productimages/3/3919935.jpg",
    "price": 2.3,
    "quantity": 0.09,
    "unitPrice": 25.56
  },
  {
    "name": "Protein + Calcium Tuna Lemon Pepper",
    "url": "https://www.coles.com.au/product/john-west-protein-+-calcium-tuna-lemon-pepper-90g-3919946",
    "img": "https://productimages.coles.com.au/productimages/3/3919946.jpg",
    "price": 2.3,
    "quantity": 0.09,
    "unitPrice": 25.56
  },
  {
    "name": "West Protein + Calcium Tuna Springwater",
    "url": "https://www.coles.com.au/product/john-west-west-protein-+-calcium-tuna-springwater-90g-3919957",
    "img": "https://productimages.coles.com.au/productimages/3/3919957.jpg",
    "price": 2.3,
    "quantity": 0.09,
    "unitPrice": 25.56
  },
  {
    "name": "Extra Virgin Olive Oil Blend & Pink Salt Deli Tuna",
    "url": "https://www.coles.com.au/product/john-west-extra-virgin-olive-oil-blend-&-pink-salt-deli-tuna-90g-3616230",
    "img": "https://productimages.coles.com.au/productimages/3/3616230.jpg",
    "price": 2.3,
    "quantity": 0.09,
    "unitPrice": 25.56
  },
  {
    "name": "Chilli Infused Oil & Lemon Zest Deli Tuna",
    "url": "https://www.coles.com.au/product/john-west-chilli-infused-oil-&-lemon-zest-deli-tuna-90g-3616285",
    "img": "https://productimages.coles.com.au/productimages/3/3616285.jpg",
    "price": 2.3,
    "quantity": 0.09,
    "unitPrice": 25.56
  },
  {
    "name": "Rosemary & Sea Salt In Oil Deli Tuna",
    "url": "https://www.coles.com.au/product/john-west-rosemary-&-sea-salt-in-oil-deli-tuna-90g-3616605",
    "img": "https://productimages.coles.com.au/productimages/3/3616605.jpg",
    "price": 2.3,
    "quantity": 0.09,
    "unitPrice": 25.56
  },
  {
    "name": "Cherry Tomato & Chilli Infused Oil Deli Tuna",
    "url": "https://www.coles.com.au/product/john-west-cherry-tomato-&-chilli-infused-oil-deli-tuna-90g-3619283",
    "img": "https://productimages.coles.com.au/productimages/3/3619283.jpg",
    "price": 2.3,
    "quantity": 0.09,
    "unitPrice": 25.56
  },
  {
    "name": "Zesty Lemon & Italian Herbs Deli Tuna",
    "url": "https://www.coles.com.au/product/john-west-zesty-lemon-&-italian-herbs-deli-tuna-90g-3619294",
    "img": "https://productimages.coles.com.au/productimages/3/3619294.jpg",
    "price": 2.3,
    "quantity": 0.09,
    "unitPrice": 25.56
  },
  {
    "name": "Lime Ginger & A Hint Of Chilli In Oil Deli Tuna",
    "url": "https://www.coles.com.au/product/john-west-lime-ginger-&-a-hint-of-chilli-in-oil-deli-tuna-90g-3619308",
    "img": "https://productimages.coles.com.au/productimages/3/3619308.jpg",
    "price": 2.3,
    "quantity": 0.09,
    "unitPrice": 25.56
  },
  {
    "name": "Soy & Caramelised Garlic In Oil Deli Tuna",
    "url": "https://www.coles.com.au/product/john-west-soy-&-caramelised-garlic-in-oil-deli-tuna-90g-3619319",
    "img": "https://productimages.coles.com.au/productimages/3/3619319.jpg",
    "price": 2.3,
    "quantity": 0.09,
    "unitPrice": 25.56
  },
  {
    "name": "Protein + Calcium Tuna:Chilli",
    "url": "https://www.coles.com.au/product/john-west-protein-+-calcium-tuna:chilli-90g-3919924",
    "img": "https://productimages.coles.com.au/productimages/3/3919924.jpg",
    "price": 2.3,
    "quantity": 0.09,
    "unitPrice": 25.56
  },
  {
    "name": "Protein + Calcium Tuna In Oil",
    "url": "https://www.coles.com.au/product/john-west-protein-+-calcium-tuna-in-oil-90g-3919935",
    "img": "https://productimages.coles.com.au/productimages/3/3919935.jpg",
    "price": 2.3,
    "quantity": 0.09,
    "unitPrice": 25.56
  },
  {
    "name": "Protein + Calcium Tuna Lemon Pepper",
    "url": "https://www.coles.com.au/product/john-west-protein-+-calcium-tuna-lemon-pepper-90g-3919946",
    "img": "https://productimages.coles.com.au/productimages/3/3919946.jpg",
    "price": 2.3,
    "quantity": 0.09,
    "unitPrice": 25.56
  },
  {
    "name": "West Protein + Calcium Tuna Springwater",
    "url": "https://www.coles.com.au/product/john-west-west-protein-+-calcium-tuna-springwater-90g-3919957",
    "img": "https://productimages.coles.com.au/productimages/3/3919957.jpg",
    "price": 2.3,
    "quantity": 0.09,
    "unitPrice": 25.56
  },
  {
    "name": "Frittata Cheese Bacon Roasted Capsicum",
    "url": "https://www.coles.com.au/product/herbert-adams-frittata-cheese-bacon-roasted-capsicum-700g-5582490",
    "img": "https://productimages.coles.com.au/productimages/5/5582490.jpg",
    "price": 17.9,
    "quantity": 0.7,
    "unitPrice": 25.6
  },
  {
    "name": "Frittata Roasted Pumpkin Spinach & Feta",
    "url": "https://www.coles.com.au/product/herbert-adams-frittata-roasted-pumpkin-spinach-&-feta-700g-6283575",
    "img": "https://productimages.coles.com.au/productimages/6/6283575.jpg",
    "price": 17.9,
    "quantity": 0.7,
    "unitPrice": 25.6
  },
  {
    "name": "Porridge Protein Rich Almond Vanilla & Cinnamon",
    "url": "https://www.coles.com.au/product/carmans-porridge-protein-rich-almond-vanilla-&-cinnamon-270g-3990893",
    "img": "https://productimages.coles.com.au/productimages/3/3990893.jpg",
    "price": 6.9,
    "quantity": 0.27,
    "unitPrice": 25.6
  },
  {
    "name": "Porridge Protein Rich Almond Vanilla & Cinnamon",
    "url": "https://www.coles.com.au/product/carmans-porridge-protein-rich-almond-vanilla-&-cinnamon-270g-3990893",
    "img": "https://productimages.coles.com.au/productimages/3/3990893.jpg",
    "price": 6.9,
    "quantity": 0.27,
    "unitPrice": 25.6
  },
  {
    "name": "I'M Free From Beef Pies",
    "url": "https://www.coles.com.au/product/coles-i'm-free-from-beef-pies-340g-3519755",
    "img": "https://productimages.coles.com.au/productimages/3/3519755.jpg",
    "price": 8.7,
    "quantity": 0.34,
    "unitPrice": 25.6
  },
  {
    "name": "I'M Free From Beef Pies",
    "url": "https://www.coles.com.au/product/coles-i'm-free-from-beef-pies-340g-3519755",
    "img": "https://productimages.coles.com.au/productimages/3/3519755.jpg",
    "price": 8.7,
    "quantity": 0.34,
    "unitPrice": 25.6
  },
  {
    "name": "Barilla Pesto Sauce Basilico Vegan",
    "url": "https://www.woolworths.com.au/shop/productdetails/190944",
    "img": "https://cdn0.woolworths.media/content/wowproductimages/medium/190944.jpg",
    "price": 5,
    "quantity": 0.195,
    "unitPrice": 25.6
  },
  {
    "name": "Mckenzie's Cream Of Tartar",
    "url": "https://www.woolworths.com.au/shop/productdetails/205694",
    "img": "https://cdn0.woolworths.media/content/wowproductimages/medium/205694.jpg",
    "price": 3.2,
    "quantity": 0.125,
    "unitPrice": 25.6
  },
  {
    "name": "Chorizo",
    "url": "https://www.coles.com.au/product/wurstel-chorizo-300g-2531664",
    "img": "https://productimages.coles.com.au/productimages/2/2531664.jpg",
    "price": 7.7,
    "quantity": 0.3,
    "unitPrice": 25.67
  },
  {
    "name": "Almond Meal",
    "url": "https://www.coles.com.au/product/coles-almond-meal-150g-2749454",
    "img": "https://productimages.coles.com.au/productimages/2/2749454.jpg",
    "price": 3.85,
    "quantity": 0.15,
    "unitPrice": 25.67
  },
  {
    "name": "Woolworths Almond Meal",
    "url": "https://www.woolworths.com.au/shop/productdetails/726281",
    "img": "https://cdn0.woolworths.media/content/wowproductimages/medium/726281.jpg",
    "price": 3.85,
    "quantity": 0.15,
    "unitPrice": 25.67
  },
  {
    "name": "Thai Green Chicken Curry With Coconut Rice",
    "url": "https://www.coles.com.au/product/coles-finest-thai-green-chicken-curry-with-coconut-rice-350g-6011473",
    "img": "https://productimages.coles.com.au/productimages/6/6011473.jpg",
    "price": 9,
    "quantity": 0.35,
    "unitPrice": 25.7
  },
  {
    "name": "Butter Chicken With Pilau Rice",
    "url": "https://www.coles.com.au/product/coles-finest-butter-chicken-with-pilau-rice-350g-6011688",
    "img": "https://productimages.coles.com.au/productimages/6/6011688.jpg",
    "price": 9,
    "quantity": 0.35,
    "unitPrice": 25.7
  },
  {
    "name": "Frozen Grass Fed Beef Bolognese With Wholemeal Spaghetti",
    "url": "https://www.coles.com.au/product/fitness-outcomes-frozen-grass-fed-beef-bolognese-with-wholemeal-spaghetti-350g-4357706",
    "img": "https://productimages.coles.com.au/productimages/4/4357706.jpg",
    "price": 9,
    "quantity": 0.35,
    "unitPrice": 25.7
  },
  {
    "name": "Frozen Sriracha Free Range Chicken With Basmati Rice & Broccoli",
    "url": "https://www.coles.com.au/product/fitness-outcomes-frozen-sriracha-free-range-chicken-with-basmati-rice-&-broccoli-350g-4357728",
    "img": "https://productimages.coles.com.au/productimages/4/4357728.jpg",
    "price": 9,
    "quantity": 0.35,
    "unitPrice": 25.7
  },
  {
    "name": "Beef Rendang & Brown Rice",
    "url": "https://www.coles.com.au/product/fitness-outcomes-beef-rendang-&-brown-rice-350g-5235410",
    "img": "https://productimages.coles.com.au/productimages/5/5235410.jpg",
    "price": 9,
    "quantity": 0.35,
    "unitPrice": 25.7
  },
  {
    "name": "Frozen Grass Fed Beef Bolognese With Wholemeal Spaghetti",
    "url": "https://www.coles.com.au/product/fitness-outcomes-frozen-grass-fed-beef-bolognese-with-wholemeal-spaghetti-350g-4357706",
    "img": "https://productimages.coles.com.au/productimages/4/4357706.jpg",
    "price": 9,
    "quantity": 0.35,
    "unitPrice": 25.7
  },
  {
    "name": "Frozen Sriracha Free Range Chicken With Basmati Rice & Broccoli",
    "url": "https://www.coles.com.au/product/fitness-outcomes-frozen-sriracha-free-range-chicken-with-basmati-rice-&-broccoli-350g-4357728",
    "img": "https://productimages.coles.com.au/productimages/4/4357728.jpg",
    "price": 9,
    "quantity": 0.35,
    "unitPrice": 25.7
  },
  {
    "name": "Beef Rendang & Brown Rice",
    "url": "https://www.coles.com.au/product/fitness-outcomes-beef-rendang-&-brown-rice-350g-5235410",
    "img": "https://productimages.coles.com.au/productimages/5/5235410.jpg",
    "price": 9,
    "quantity": 0.35,
    "unitPrice": 25.7
  },
  {
    "name": "Frank's Redhot Original Cayenne Pepper Hot Sauce",
    "url": "https://www.woolworths.com.au/shop/productdetails/759137",
    "img": "https://cdn0.woolworths.media/content/wowproductimages/medium/759137.jpg",
    "price": 3.8,
    "quantity": 0.148,
    "unitPrice": 25.7
  },
  {
    "name": "Frank's Redhot Xtra Hot Cayenne Pepper Hot Sauce",
    "url": "https://www.woolworths.com.au/shop/productdetails/52145",
    "img": "https://cdn0.woolworths.media/content/wowproductimages/medium/052145.jpg",
    "price": 3.8,
    "quantity": 0.148,
    "unitPrice": 25.7
  },
  {
    "name": "Woolworths Southern Style Buttermilk Chicken Thigh Fillet Burgers",
    "url": "https://www.woolworths.com.au/shop/productdetails/134085",
    "img": "https://cdn0.woolworths.media/content/wowproductimages/medium/134085.jpg",
    "price": 9,
    "quantity": 0.35,
    "unitPrice": 25.71
  },
  {
    "name": "D'orsogna Natural Leg Ham Portion",
    "url": "https://www.woolworths.com.au/shop/productdetails/532958",
    "img": "https://cdn0.woolworths.media/content/wowproductimages/medium/532958.jpg",
    "price": 18,
    "quantity": 0.7,
    "unitPrice": 25.71
  },
  {
    "name": "Woolworths Cook Lamb Shoulder With Garlic & Rosemary",
    "url": "https://www.woolworths.com.au/shop/productdetails/147841",
    "img": "https://cdn0.woolworths.media/content/wowproductimages/medium/147841.jpg",
    "price": 18,
    "quantity": 0.7,
    "unitPrice": 25.71
  },
  {
    "name": "Honey Cashews",
    "url": "https://www.coles.com.au/product/coles-honey-cashews-350g-3505240",
    "img": "https://productimages.coles.com.au/productimages/3/3505240.jpg",
    "price": 9,
    "quantity": 0.35,
    "unitPrice": 25.72
  },
  {
    "name": "Honey Cashews",
    "url": "https://www.coles.com.au/product/coles-honey-cashews-350g-3505240",
    "img": "https://productimages.coles.com.au/productimages/3/3505240.jpg",
    "price": 9,
    "quantity": 0.35,
    "unitPrice": 25.72
  },
  {
    "name": "Gluten Free Hoki Bites",
    "url": "https://www.coles.com.au/product/sealord-gluten-free-hoki-bites-350g-4506828",
    "img": "https://productimages.coles.com.au/productimages/4/4506828.jpg",
    "price": 9,
    "quantity": 0.35,
    "unitPrice": 25.72
  },
  {
    "name": "Gluten Free Hoki Bites",
    "url": "https://www.coles.com.au/product/sealord-gluten-free-hoki-bites-350g-4506828",
    "img": "https://productimages.coles.com.au/productimages/4/4506828.jpg",
    "price": 9,
    "quantity": 0.35,
    "unitPrice": 25.72
  },
  {
    "name": "Eat Well Chicken Risotto Pumpkin Pesto Fetta",
    "url": "https://www.coles.com.au/product/coles-eat-well-chicken-risotto-pumpkin-pesto-fetta-345g-6479544",
    "img": "https://productimages.coles.com.au/productimages/6/6479544.jpg",
    "price": 8.9,
    "quantity": 0.345,
    "unitPrice": 25.8
  },
  {
    "name": "Celebration Layer Cake",
    "url": "https://www.coles.com.au/product/coles-celebration-layer-cake-970g-6252425",
    "img": "https://productimages.coles.com.au/productimages/6/6252425.jpg",
    "price": 25,
    "quantity": 0.97,
    "unitPrice": 25.8
  },
  {
    "name": "Gluten Free Laksa Noodle Soup",
    "url": "https://www.coles.com.au/product/hart-&-soul-gluten-free-laksa-noodle-soup-155g-3399450",
    "img": "https://productimages.coles.com.au/productimages/3/3399450.jpg",
    "price": 4,
    "quantity": 0.155,
    "unitPrice": 25.8
  },
  {
    "name": "Gluten Free Chicken Noodle Soup",
    "url": "https://www.coles.com.au/product/hart-&-soul-gluten-free-chicken-noodle-soup-155g-3399471",
    "img": "https://productimages.coles.com.au/productimages/3/3399471.jpg",
    "price": 4,
    "quantity": 0.155,
    "unitPrice": 25.8
  },
  {
    "name": "Gluten Free Laksa Noodle Soup",
    "url": "https://www.coles.com.au/product/hart-&-soul-gluten-free-laksa-noodle-soup-155g-3399450",
    "img": "https://productimages.coles.com.au/productimages/3/3399450.jpg",
    "price": 4,
    "quantity": 0.155,
    "unitPrice": 25.8
  },
  {
    "name": "Gluten Free Chicken Noodle Soup",
    "url": "https://www.coles.com.au/product/hart-&-soul-gluten-free-chicken-noodle-soup-155g-3399471",
    "img": "https://productimages.coles.com.au/productimages/3/3399471.jpg",
    "price": 4,
    "quantity": 0.155,
    "unitPrice": 25.8
  },
  {
    "name": "Woolworths Assorted Celebration Cake",
    "url": "https://www.woolworths.com.au/shop/productdetails/104984",
    "img": "https://cdn0.woolworths.media/content/wowproductimages/medium/104984.jpg",
    "price": 31,
    "quantity": 1.2,
    "unitPrice": 25.8
  },
  {
    "name": "Woolworths Assorted Celebration Cake",
    "url": "https://www.woolworths.com.au/shop/productdetails/104984",
    "img": "https://cdn0.woolworths.media/content/wowproductimages/medium/104984.jpg",
    "price": 31,
    "quantity": 1.2,
    "unitPrice": 25.8
  },
  {
    "name": "Organic Coffee Beans",
    "url": "https://www.coles.com.au/product/grinders-organic-coffee-beans-1kg-3516054",
    "img": "https://productimages.coles.com.au/productimages/3/3516054.jpg",
    "price": 25.9,
    "quantity": 1,
    "unitPrice": 25.9
  },
  {
    "name": "Tamarind Puree",
    "url": "https://www.coles.com.au/product/jeeny's-tamarind-puree-220g-9434622",
    "img": "https://productimages.coles.com.au/productimages/9/9434622.jpg",
    "price": 5.7,
    "quantity": 0.22,
    "unitPrice": 25.9
  },
  {
    "name": "Sliced Pork",
    "url": "https://www.coles.com.au/product/poulings-sliced-pork-290g-3785781",
    "img": "https://productimages.coles.com.au/productimages/3/3785781.jpg",
    "price": 7.5,
    "quantity": 0.29,
    "unitPrice": 25.9
  },
  {
    "name": "Sliced Beef",
    "url": "https://www.coles.com.au/product/poulings-sliced-beef-290g-3785792",
    "img": "https://productimages.coles.com.au/productimages/3/3785792.jpg",
    "price": 7.5,
    "quantity": 0.29,
    "unitPrice": 25.9
  },
  {
    "name": "Sliced Pork",
    "url": "https://www.coles.com.au/product/poulings-sliced-pork-290g-3785781",
    "img": "https://productimages.coles.com.au/productimages/3/3785781.jpg",
    "price": 7.5,
    "quantity": 0.29,
    "unitPrice": 25.9
  },
  {
    "name": "Sliced Beef",
    "url": "https://www.coles.com.au/product/poulings-sliced-beef-290g-3785792",
    "img": "https://productimages.coles.com.au/productimages/3/3785792.jpg",
    "price": 7.5,
    "quantity": 0.29,
    "unitPrice": 25.9
  },
  {
    "name": "Semi Dried Tomatoe Fresh Basil",
    "url": "https://www.coles.com.au/product/coles-semi-dried-tomatoe-fresh-basil-135g-6481444",
    "img": "https://productimages.coles.com.au/productimages/6/6481444.jpg",
    "price": 3.5,
    "quantity": 0.135,
    "unitPrice": 25.93
  },
  {
    "name": "Organic Green Beans Prepacked",
    "url": "https://www.coles.com.au/product/coles-organic-green-beans-prepacked-250g-9861850",
    "img": "https://productimages.coles.com.au/productimages/9/9861850.jpg",
    "price": 6.5,
    "quantity": 0.25,
    "unitPrice": 26
  },
  {
    "name": "Pottle Natural Almonds",
    "url": "https://www.coles.com.au/product/coles-pottle-natural-almonds-approx.-100g-2834735",
    "img": "https://productimages.coles.com.au/productimages/2/2834735.jpg",
    "price": 2.6,
    "quantity": 0.1,
    "unitPrice": 26
  },
  {
    "name": "Liverwurst Latvian",
    "url": "https://www.coles.com.au/product/don-liverwurst-latvian-100g-9363954",
    "img": "https://productimages.coles.com.au/productimages/9/9363954.jpg",
    "price": 2.6,
    "quantity": 0.1,
    "unitPrice": 26
  },
  {
    "name": "Tuna Pate",
    "url": "https://www.coles.com.au/product/yumi's-tuna-pate-200g-5686714",
    "img": "https://productimages.coles.com.au/productimages/5/5686714.jpg",
    "price": 5.2,
    "quantity": 0.2,
    "unitPrice": 26
  },
  {
    "name": "Chilli Tofu Pieces",
    "url": "https://www.coles.com.au/product/beijing-chilli-tofu-pieces-200g-8879601",
    "img": "https://productimages.coles.com.au/productimages/8/8879601.jpg",
    "price": 5.2,
    "quantity": 0.2,
    "unitPrice": 26
  },
  {
    "name": "Sliced Garlic Tofu Pieces",
    "url": "https://www.coles.com.au/product/beijing-sliced-garlic-tofu-pieces-200g-8879758",
    "img": "https://productimages.coles.com.au/productimages/8/8879758.jpg",
    "price": 5.2,
    "quantity": 0.2,
    "unitPrice": 26
  },
  {
    "name": "Satay Tofu Pieces",
    "url": "https://www.coles.com.au/product/beijing-satay-tofu-pieces-200g-8879769",
    "img": "https://productimages.coles.com.au/productimages/8/8879769.jpg",
    "price": 5.2,
    "quantity": 0.2,
    "unitPrice": 26
  },
  {
    "name": "Mascarpone",
    "url": "https://www.coles.com.au/product/montefiore-mascarpone-250g-1865325",
    "img": "https://productimages.coles.com.au/productimages/1/1865325.jpg",
    "price": 6.5,
    "quantity": 0.25,
    "unitPrice": 26
  },
  {
    "name": "Cypriot Halloumi With Mint",
    "url": "https://www.coles.com.au/product/coles-cypriot-halloumi-with-mint-250g-2173917",
    "img": "https://productimages.coles.com.au/productimages/2/2173917.jpg",
    "price": 6.5,
    "quantity": 0.25,
    "unitPrice": 26
  },
  {
    "name": "Organic Spreadable",
    "url": "https://www.coles.com.au/product/mainland-organic-spreadable-250g-2458600",
    "img": "https://productimages.coles.com.au/productimages/2/2458600.jpg",
    "price": 6.5,
    "quantity": 0.25,
    "unitPrice": 26
  },
  {
    "name": "Rocky Road",
    "url": "https://www.coles.com.au/product/coles-rocky-road-250g-4230920",
    "img": "https://productimages.coles.com.au/productimages/4/4230920.jpg",
    "price": 6.5,
    "quantity": 0.25,
    "unitPrice": 26
  },
  {
    "name": "Gluten Free Wholesome Buckwheat Wraps",
    "url": "https://www.coles.com.au/product/old-time-bakery-gluten-free-wholesome-buckwheat-wraps-250g-4654009",
    "img": "https://productimages.coles.com.au/productimages/4/4654009.jpg",
    "price": 6.5,
    "quantity": 0.25,
    "unitPrice": 26
  },
  {
    "name": "Gluten Free  Multigrain Wraps",
    "url": "https://www.coles.com.au/product/old-time-bakery-gluten-free--multigrain-wraps-250g-4654010",
    "img": "https://productimages.coles.com.au/productimages/4/4654010.jpg",
    "price": 6.5,
    "quantity": 0.25,
    "unitPrice": 26
  },
  {
    "name": "Gluten Free Lebanese Wholemeal Bread",
    "url": "https://www.coles.com.au/product/old-time-bakery-gluten-free-lebanese-wholemeal-bread-250g-4654031",
    "img": "https://productimages.coles.com.au/productimages/4/4654031.jpg",
    "price": 6.5,
    "quantity": 0.25,
    "unitPrice": 26
  },
  {
    "name": "Original Chocolate Cookie Dough",
    "url": "https://www.coles.com.au/product/bennett-st-dairy-original-chocolate-cookie-dough-500g-5559138",
    "img": "https://productimages.coles.com.au/productimages/5/5559138.jpg",
    "price": 13,
    "quantity": 0.5,
    "unitPrice": 26
  },
  {
    "name": "Salted Caramel & White Chocolate Dough",
    "url": "https://www.coles.com.au/product/bennett-st-dairy-salted-caramel-&-white-chocolate-dough-500g-5559149",
    "img": "https://productimages.coles.com.au/productimages/5/5559149.jpg",
    "price": 13,
    "quantity": 0.5,
    "unitPrice": 26
  },
  {
    "name": "Raspberry Duo Cupcakes 4 pack",
    "url": "https://www.coles.com.au/product/coles-raspberry-duo-cupcakes-4-pack-288g-6282572",
    "img": "https://productimages.coles.com.au/productimages/6/6282572.jpg",
    "price": 7.5,
    "quantity": 0.288,
    "unitPrice": 26
  },
  {
    "name": "Choc Duo Cupcakes 4 pack",
    "url": "https://www.coles.com.au/product/coles-choc-duo-cupcakes-4-pack-288g-6305973",
    "img": "https://productimages.coles.com.au/productimages/6/6305973.jpg",
    "price": 7.5,
    "quantity": 0.288,
    "unitPrice": 26
  },
  {
    "name": "Thawed Raw Black Tiger Prawns",
    "url": "https://www.coles.com.au/product/coles-deli-thawed-raw-black-tiger-prawns-approx.-250g-3954674",
    "img": "https://productimages.coles.com.au/productimages/3/3954674.jpg",
    "price": 6.5,
    "quantity": 0.25,
    "unitPrice": 26
  },
  {
    "name": "Liverwurst Latvian",
    "url": "https://www.coles.com.au/product/don-liverwurst-latvian-100g-9363954",
    "img": "https://productimages.coles.com.au/productimages/9/9363954.jpg",
    "price": 2.6,
    "quantity": 0.1,
    "unitPrice": 26
  },
  {
    "name": "Cous Cous Sundried Tomato & Garlic",
    "url": "https://www.coles.com.au/product/ainsley-harriott-cous-cous-sundried-tomato-&-garlic-100g-3533031",
    "img": "https://productimages.coles.com.au/productimages/3/3533031.jpg",
    "price": 2.6,
    "quantity": 0.1,
    "unitPrice": 26
  },
  {
    "name": "Moroccan Medley Cous Cous",
    "url": "https://www.coles.com.au/product/ainsley-harriott-moroccan-medley-cous-cous-100g-7448604",
    "img": "https://productimages.coles.com.au/productimages/7/7448604.jpg",
    "price": 2.6,
    "quantity": 0.1,
    "unitPrice": 26
  },
  {
    "name": "Cous Cous Roasted Vegetable",
    "url": "https://www.coles.com.au/product/ainsley-harriott-cous-cous-roasted-vegetable-100g-7448615",
    "img": "https://productimages.coles.com.au/productimages/7/7448615.jpg",
    "price": 2.6,
    "quantity": 0.1,
    "unitPrice": 26
  },
  {
    "name": "Cous Cous Sundried Tomato & Garlic",
    "url": "https://www.coles.com.au/product/ainsley-harriott-cous-cous-sundried-tomato-&-garlic-100g-3533031",
    "img": "https://productimages.coles.com.au/productimages/3/3533031.jpg",
    "price": 2.6,
    "quantity": 0.1,
    "unitPrice": 26
  },
  {
    "name": "Moroccan Medley Cous Cous",
    "url": "https://www.coles.com.au/product/ainsley-harriott-moroccan-medley-cous-cous-100g-7448604",
    "img": "https://productimages.coles.com.au/productimages/7/7448604.jpg",
    "price": 2.6,
    "quantity": 0.1,
    "unitPrice": 26
  },
  {
    "name": "Cous Cous Roasted Vegetable",
    "url": "https://www.coles.com.au/product/ainsley-harriott-cous-cous-roasted-vegetable-100g-7448615",
    "img": "https://productimages.coles.com.au/productimages/7/7448615.jpg",
    "price": 2.6,
    "quantity": 0.1,
    "unitPrice": 26
  },
  {
    "name": "Italian Blend Ground Coffee",
    "url": "https://www.coles.com.au/product/vittoria-italian-blend-ground-coffee-500g-3208347",
    "img": "https://productimages.coles.com.au/productimages/3/3208347.jpg",
    "price": 13,
    "quantity": 0.5,
    "unitPrice": 26
  },
  {
    "name": "Organic Espresso Coffee Beans",
    "url": "https://www.coles.com.au/product/vittoria-organic-espresso-coffee-beans-1kg-2002095",
    "img": "https://productimages.coles.com.au/productimages/2/2002095.jpg",
    "price": 26,
    "quantity": 1,
    "unitPrice": 26
  },
  {
    "name": "Mountain Grown Coffee Beans",
    "url": "https://www.coles.com.au/product/vittoria-mountain-grown-coffee-beans-1kg-8686572",
    "img": "https://productimages.coles.com.au/productimages/8/8686572.jpg",
    "price": 26,
    "quantity": 1,
    "unitPrice": 26
  },
  {
    "name": "Mountain Grown Ground Coffee",
    "url": "https://www.coles.com.au/product/vittoria-mountain-grown-ground-coffee-1kg-9180375",
    "img": "https://productimages.coles.com.au/productimages/9/9180375.jpg",
    "price": 26,
    "quantity": 1,
    "unitPrice": 26
  },
  {
    "name": "Himalayan Pink Fine Salt Shaker",
    "url": "https://www.coles.com.au/product/coles-himalayan-pink-fine-salt-shaker-125g-3775959",
    "img": "https://productimages.coles.com.au/productimages/3/3775959.jpg",
    "price": 3.2,
    "quantity": 0.125,
    "unitPrice": 26
  },
  {
    "name": "Pink Salt Grinder",
    "url": "https://www.coles.com.au/product/coles-pink-salt-grinder-250g-3748800",
    "img": "https://productimages.coles.com.au/productimages/3/3748800.jpg",
    "price": 6.5,
    "quantity": 0.25,
    "unitPrice": 26
  },
  {
    "name": "Sea Salt Grinder",
    "url": "https://www.coles.com.au/product/coles-sea-salt-grinder-250g-3748821",
    "img": "https://productimages.coles.com.au/productimages/3/3748821.jpg",
    "price": 6.5,
    "quantity": 0.25,
    "unitPrice": 26
  },
  {
    "name": "Cinnamon Sugar",
    "url": "https://www.coles.com.au/product/coles-cinnamon-sugar-73g-8983523",
    "img": "https://productimages.coles.com.au/productimages/8/8983523.jpg",
    "price": 1.9,
    "quantity": 0.073,
    "unitPrice": 26
  },
  {
    "name": "Chocolate Mallowpuffs Biscuits",
    "url": "https://www.coles.com.au/product/griffins-chocolate-mallowpuffs-biscuits-200g-6961870",
    "img": "https://productimages.coles.com.au/productimages/6/6961870.jpg",
    "price": 5.2,
    "quantity": 0.2,
    "unitPrice": 26
  },
  {
    "name": "Almond Crescents Kourambies Greek Biscuits",
    "url": "https://www.coles.com.au/product/olympian-almond-crescents-kourambies-greek-biscuits-250g-2034230",
    "img": "https://productimages.coles.com.au/productimages/2/2034230.jpg",
    "price": 6.5,
    "quantity": 0.25,
    "unitPrice": 26
  },
  {
    "name": "Made Easy Beef Stroganoff With Creamy Sauce",
    "url": "https://www.coles.com.au/product/coles-made-easy-beef-stroganoff-with-creamy-sauce-500g-6413681",
    "img": "https://productimages.coles.com.au/productimages/6/6413681.jpg",
    "price": 13,
    "quantity": 0.5,
    "unitPrice": 26
  },
  {
    "name": "Thawed Raw Black Tiger Prawns",
    "url": "https://www.coles.com.au/product/coles-deli-thawed-raw-black-tiger-prawns-approx.-250g-3954674",
    "img": "https://productimages.coles.com.au/productimages/3/3954674.jpg",
    "price": 6.5,
    "quantity": 0.25,
    "unitPrice": 26
  },
  {
    "name": "Thawed Raw Black Tiger Prawns",
    "url": "https://www.coles.com.au/product/coles-deli-thawed-raw-black-tiger-prawns-approx.-250g-3954674",
    "img": "https://productimages.coles.com.au/productimages/3/3954674.jpg",
    "price": 6.5,
    "quantity": 0.25,
    "unitPrice": 26
  },
  {
    "name": "Mainland Organic Spreadable Butter",
    "url": "https://www.woolworths.com.au/shop/productdetails/899791",
    "img": "https://cdn0.woolworths.media/content/wowproductimages/medium/899791.jpg",
    "price": 6.5,
    "quantity": 0.25,
    "unitPrice": 26
  },
  {
    "name": "Woolworths Thawed Medium Cooked Tiger Prawns",
    "url": "https://www.woolworths.com.au/shop/productdetails/66384",
    "img": "https://cdn0.woolworths.media/content/wowproductimages/medium/066384.jpg",
    "price": 26,
    "quantity": 1,
    "unitPrice": 26
  },
  {
    "name": "Woolworths Plantitude Vegan Belgian Dark Chocolate Cake",
    "url": "https://www.woolworths.com.au/shop/productdetails/54783",
    "img": "https://cdn0.woolworths.media/content/wowproductimages/medium/054783.jpg",
    "price": 6.5,
    "quantity": 0.25,
    "unitPrice": 26
  },
  {
    "name": "Macro Grass Fed Australian Stir-fry Beef",
    "url": "https://www.woolworths.com.au/shop/productdetails/175569",
    "img": "https://cdn0.woolworths.media/content/wowproductimages/medium/175569.jpg",
    "price": 13,
    "quantity": 0.5,
    "unitPrice": 26
  },
  {
    "name": "Woolworths Cook Roast Beef With Onion & Garlic Gravy",
    "url": "https://www.woolworths.com.au/shop/productdetails/428204",
    "img": "https://cdn0.woolworths.media/content/wowproductimages/medium/428204.jpg",
    "price": 13,
    "quantity": 0.5,
    "unitPrice": 26
  },
  {
    "name": "Macro Grass Fed Australian Diced Beef",
    "url": "https://www.woolworths.com.au/shop/productdetails/175568",
    "img": "https://cdn0.woolworths.media/content/wowproductimages/medium/175568.jpg",
    "price": 13,
    "quantity": 0.5,
    "unitPrice": 26
  },
  {
    "name": "Primo Rindless Middle Bacon",
    "url": "https://www.woolworths.com.au/shop/productdetails/694706",
    "img": "https://cdn0.woolworths.media/content/wowproductimages/medium/694706.jpg",
    "price": 13,
    "quantity": 0.5,
    "unitPrice": 26
  },
  {
    "name": "Woolworths Himalayan Pink Salt Fine Cut Shaker",
    "url": "https://www.woolworths.com.au/shop/productdetails/476440",
    "img": "https://cdn0.woolworths.media/content/wowproductimages/medium/476440.jpg",
    "price": 3.2,
    "quantity": 0.125,
    "unitPrice": 26
  },
  {
    "name": "Batter Brothers Beer Batter Original Mix",
    "url": "https://www.woolworths.com.au/shop/productdetails/167241",
    "img": "https://cdn0.woolworths.media/content/wowproductimages/medium/167241.jpg",
    "price": 5,
    "quantity": 0.19,
    "unitPrice": 26
  },
  {
    "name": "Frank's Redhot Buffalo Wings Hot Sauce",
    "url": "https://www.woolworths.com.au/shop/productdetails/61704",
    "img": "https://cdn0.woolworths.media/content/wowproductimages/medium/061704.jpg",
    "price": 3.8,
    "quantity": 0.148,
    "unitPrice": 26
  },
  {
    "name": "Rosella Organic Sweet Chilli Sauce",
    "url": "https://www.woolworths.com.au/shop/productdetails/97102",
    "img": "https://cdn0.woolworths.media/content/wowproductimages/medium/097102.jpg",
    "price": 6.5,
    "quantity": 0.25,
    "unitPrice": 26
  },
  {
    "name": "Rosella Organic Barbeque Sauce Smoky & Spicy",
    "url": "https://www.woolworths.com.au/shop/productdetails/242135",
    "img": "https://cdn0.woolworths.media/content/wowproductimages/medium/242135.jpg",
    "price": 6.5,
    "quantity": 0.25,
    "unitPrice": 26
  },
  {
    "name": "Rosella Organic Tomato Sauce",
    "url": "https://www.woolworths.com.au/shop/productdetails/95779",
    "img": "https://cdn0.woolworths.media/content/wowproductimages/medium/095779.jpg",
    "price": 6.5,
    "quantity": 0.25,
    "unitPrice": 26
  },
  {
    "name": "Valcom Stir Fry Sauce Thai Basil Chilli",
    "url": "https://www.woolworths.com.au/shop/productdetails/360270",
    "img": "https://cdn0.woolworths.media/content/wowproductimages/medium/360270.jpg",
    "price": 2.6,
    "quantity": 0.1,
    "unitPrice": 26
  },
  {
    "name": "Valcom Thai Basil Fried Rice Stir Fry Sauce",
    "url": "https://www.woolworths.com.au/shop/productdetails/348554",
    "img": "https://cdn0.woolworths.media/content/wowproductimages/medium/348554.jpg",
    "price": 2.6,
    "quantity": 0.1,
    "unitPrice": 26
  },
  {
    "name": "Macro Almond Kernels",
    "url": "https://www.woolworths.com.au/shop/productdetails/355118",
    "img": "https://cdn0.woolworths.media/content/wowproductimages/medium/355118.jpg",
    "price": 13,
    "quantity": 0.5,
    "unitPrice": 26
  },
  {
    "name": "Dutch Edam",
    "url": "https://www.coles.com.au/product/coles-dutch-edam-230g-3796380",
    "img": "https://productimages.coles.com.au/productimages/3/3796380.jpg",
    "price": 6,
    "quantity": 0.23,
    "unitPrice": 26.09
  },
  {
    "name": "Mint Sauce",
    "url": "https://www.coles.com.au/product/colman's-mint-sauce-165g-2931946",
    "img": "https://productimages.coles.com.au/productimages/2/2931946.jpg",
    "price": 4.3,
    "quantity": 0.165,
    "unitPrice": 26.1
  },
  {
    "name": "Woolworths Beef Rump Steak Medium",
    "url": "https://www.woolworths.com.au/shop/productdetails/675318",
    "img": "https://cdn0.woolworths.media/content/wowproductimages/medium/675318.jpg",
    "price": 19.6,
    "quantity": 0.75,
    "unitPrice": 26.13
  },
  {
    "name": "Creamy Ranch Salad Bowl",
    "url": "https://www.coles.com.au/product/coles-creamy-ranch-salad-bowl-210g-4878120",
    "img": "https://productimages.coles.com.au/productimages/4/4878120.jpg",
    "price": 5.5,
    "quantity": 0.21,
    "unitPrice": 26.19
  },
  {
    "name": "Sundried Tomato Fetta Salad",
    "url": "https://www.coles.com.au/product/salad-fresh-sundried-tomato-fetta-salad-210g-5519392",
    "img": "https://productimages.coles.com.au/productimages/5/5519392.jpg",
    "price": 5.5,
    "quantity": 0.21,
    "unitPrice": 26.19
  },
  {
    "name": "John West Salmon Pink",
    "url": "https://www.woolworths.com.au/shop/productdetails/33920",
    "img": "https://cdn0.woolworths.media/content/wowproductimages/medium/033920.jpg",
    "price": 5.5,
    "quantity": 0.21,
    "unitPrice": 26.19
  },
  {
    "name": "King Oscar Sardines Olive Oil",
    "url": "https://www.woolworths.com.au/shop/productdetails/53629",
    "img": "https://cdn0.woolworths.media/content/wowproductimages/medium/053629.jpg",
    "price": 2.75,
    "quantity": 0.105,
    "unitPrice": 26.19
  },
  {
    "name": "Eat Well BBQ Pulled Pork With Sweet Potato Broccoli",
    "url": "https://www.coles.com.au/product/coles-eat-well-bbq-pulled-pork-with-sweet-potato-broccoli-340g-6479227",
    "img": "https://productimages.coles.com.au/productimages/6/6479227.jpg",
    "price": 8.9,
    "quantity": 0.34,
    "unitPrice": 26.2
  },
  {
    "name": "Eat Well Beef Ragu Pumpkin Gnocchi",
    "url": "https://www.coles.com.au/product/coles-eat-well-beef-ragu-pumpkin-gnocchi-340g-6479293",
    "img": "https://productimages.coles.com.au/productimages/6/6479293.jpg",
    "price": 8.9,
    "quantity": 0.34,
    "unitPrice": 26.2
  },
  {
    "name": "70% Lower Carb Wraps White 5 Pack",
    "url": "https://www.coles.com.au/product/coles-70%-lower-carb-wraps-white-5-pack-210g-4862414",
    "img": "https://productimages.coles.com.au/productimages/4/4862414.jpg",
    "price": 5.5,
    "quantity": 0.21,
    "unitPrice": 26.2
  },
  {
    "name": "Bulgogi Udon Bowl",
    "url": "https://www.coles.com.au/product/wang-bulgogi-udon-bowl-229g-6146927",
    "img": "https://productimages.coles.com.au/productimages/6/6146927.jpg",
    "price": 6,
    "quantity": 0.229,
    "unitPrice": 26.2
  },
  {
    "name": "Meal Kit Pad Thai Noodles",
    "url": "https://www.coles.com.au/product/mr-chen's-meal-kit-pad-thai-noodles-324g-7362430",
    "img": "https://productimages.coles.com.au/productimages/7/7362430.jpg",
    "price": 8.5,
    "quantity": 0.324,
    "unitPrice": 26.2
  },
  {
    "name": "Meal Kit Pad Thai Noodles",
    "url": "https://www.coles.com.au/product/mr-chen's-meal-kit-pad-thai-noodles-324g-7362430",
    "img": "https://productimages.coles.com.au/productimages/7/7362430.jpg",
    "price": 8.5,
    "quantity": 0.324,
    "unitPrice": 26.2
  },
  {
    "name": "Smallgoods Cheese Kransky Chipolata",
    "url": "https://www.coles.com.au/product/gotzinger-smallgoods-cheese-kransky-chipolata-400g-1960086",
    "img": "https://productimages.coles.com.au/productimages/1/1960086.jpg",
    "price": 10.5,
    "quantity": 0.4,
    "unitPrice": 26.25
  },
  {
    "name": "Smallgoods Cheese Kransky Chipolata",
    "url": "https://www.coles.com.au/product/gotzinger-smallgoods-cheese-kransky-chipolata-400g-1960086",
    "img": "https://productimages.coles.com.au/productimages/1/1960086.jpg",
    "price": 10.5,
    "quantity": 0.4,
    "unitPrice": 26.25
  },
  {
    "name": "Frozen Sweet Chilli Chicken Breast Tenders",
    "url": "https://www.coles.com.au/product/steggles-frozen-sweet-chilli-chicken-breast-tenders-400g-2719952",
    "img": "https://productimages.coles.com.au/productimages/2/2719952.jpg",
    "price": 10.5,
    "quantity": 0.4,
    "unitPrice": 26.25
  },
  {
    "name": "Frozen Southern Style Chicken Breast Tenders ",
    "url": "https://www.coles.com.au/product/steggles-frozen-southern-style-chicken-breast-tenders--400g-2719963",
    "img": "https://productimages.coles.com.au/productimages/2/2719963.jpg",
    "price": 10.5,
    "quantity": 0.4,
    "unitPrice": 26.25
  },
  {
    "name": "Frozen Hot & Spicy Chicken Breast Tenders",
    "url": "https://www.coles.com.au/product/steggles-frozen-hot-&-spicy-chicken-breast-tenders-400g-2719974",
    "img": "https://productimages.coles.com.au/productimages/2/2719974.jpg",
    "price": 10.5,
    "quantity": 0.4,
    "unitPrice": 26.25
  },
  {
    "name": "Frozen Crumbed Chicken Breast Tenders ",
    "url": "https://www.coles.com.au/product/steggles-frozen-crumbed-chicken-breast-tenders--400g-8434627",
    "img": "https://productimages.coles.com.au/productimages/8/8434627.jpg",
    "price": 10.5,
    "quantity": 0.4,
    "unitPrice": 26.25
  },
  {
    "name": "Frozen Sweet Chilli Chicken Breast Tenders",
    "url": "https://www.coles.com.au/product/steggles-frozen-sweet-chilli-chicken-breast-tenders-400g-2719952",
    "img": "https://productimages.coles.com.au/productimages/2/2719952.jpg",
    "price": 10.5,
    "quantity": 0.4,
    "unitPrice": 26.25
  },
  {
    "name": "Frozen Southern Style Chicken Breast Tenders ",
    "url": "https://www.coles.com.au/product/steggles-frozen-southern-style-chicken-breast-tenders--400g-2719963",
    "img": "https://productimages.coles.com.au/productimages/2/2719963.jpg",
    "price": 10.5,
    "quantity": 0.4,
    "unitPrice": 26.25
  },
  {
    "name": "Frozen Hot & Spicy Chicken Breast Tenders",
    "url": "https://www.coles.com.au/product/steggles-frozen-hot-&-spicy-chicken-breast-tenders-400g-2719974",
    "img": "https://productimages.coles.com.au/productimages/2/2719974.jpg",
    "price": 10.5,
    "quantity": 0.4,
    "unitPrice": 26.25
  },
  {
    "name": "Frozen Crumbed Chicken Breast Tenders ",
    "url": "https://www.coles.com.au/product/steggles-frozen-crumbed-chicken-breast-tenders--400g-8434627",
    "img": "https://productimages.coles.com.au/productimages/8/8434627.jpg",
    "price": 10.5,
    "quantity": 0.4,
    "unitPrice": 26.25
  },
  {
    "name": "Fruit Collection Ice Cream Mini Cups 4 Pack",
    "url": "https://www.coles.com.au/product/haagen-dazs-fruit-collection-ice-cream-mini-cups-4-pack-380ml-3944058",
    "img": "https://productimages.coles.com.au/productimages/3/3944058.jpg",
    "price": 10,
    "quantity": 0.38,
    "unitPrice": 26.3
  },
  {
    "name": "Fruit Collection Ice Cream Mini Cups 4 Pack",
    "url": "https://www.coles.com.au/product/haagen-dazs-fruit-collection-ice-cream-mini-cups-4-pack-380ml-3944058",
    "img": "https://productimages.coles.com.au/productimages/3/3944058.jpg",
    "price": 10,
    "quantity": 0.38,
    "unitPrice": 26.3
  },
  {
    "name": "Barilla Pesto Genovese Pasta Sauce Alla Genovese",
    "url": "https://www.woolworths.com.au/shop/productdetails/3466",
    "img": "https://cdn0.woolworths.media/content/wowproductimages/medium/003466.jpg",
    "price": 5,
    "quantity": 0.19,
    "unitPrice": 26.3
  },
  {
    "name": "Barilla Pesto Basil With Chilli",
    "url": "https://www.woolworths.com.au/shop/productdetails/240756",
    "img": "https://cdn0.woolworths.media/content/wowproductimages/medium/240756.jpg",
    "price": 5,
    "quantity": 0.19,
    "unitPrice": 26.3
  },
  {
    "name": "Frozen Steam Fresh Fish Fillets With Parsley & Citrus Sauce 2 Pack",
    "url": "https://www.coles.com.au/product/birds-eye-frozen-steam-fresh-fish-fillets-with-parsley-&-citrus-sauce-2-pack-380g-3303508",
    "img": "https://productimages.coles.com.au/productimages/3/3303508.jpg",
    "price": 10,
    "quantity": 0.38,
    "unitPrice": 26.32
  },
  {
    "name": "Frozen Steam Fresh Fish Fillets With Thai Red Curry Sauce 2 Pack",
    "url": "https://www.coles.com.au/product/birds-eye-frozen-steam-fresh-fish-fillets-with-thai-red-curry-sauce-2-pack-380g-3303519",
    "img": "https://productimages.coles.com.au/productimages/3/3303519.jpg",
    "price": 10,
    "quantity": 0.38,
    "unitPrice": 26.32
  },
  {
    "name": "Steamfresh Fish Soy & Ginger",
    "url": "https://www.coles.com.au/product/birds-eye-steamfresh-fish-soy-&-ginger-380g-3868732",
    "img": "https://productimages.coles.com.au/productimages/3/3868732.jpg",
    "price": 10,
    "quantity": 0.38,
    "unitPrice": 26.32
  },
  {
    "name": "Frozen Steam Fresh Fish Fillets With Parsley & Citrus Sauce 2 Pack",
    "url": "https://www.coles.com.au/product/birds-eye-frozen-steam-fresh-fish-fillets-with-parsley-&-citrus-sauce-2-pack-380g-3303508",
    "img": "https://productimages.coles.com.au/productimages/3/3303508.jpg",
    "price": 10,
    "quantity": 0.38,
    "unitPrice": 26.32
  },
  {
    "name": "Frozen Steam Fresh Fish Fillets With Thai Red Curry Sauce 2 Pack",
    "url": "https://www.coles.com.au/product/birds-eye-frozen-steam-fresh-fish-fillets-with-thai-red-curry-sauce-2-pack-380g-3303519",
    "img": "https://productimages.coles.com.au/productimages/3/3303519.jpg",
    "price": 10,
    "quantity": 0.38,
    "unitPrice": 26.32
  },
  {
    "name": "Steamfresh Fish Soy & Ginger",
    "url": "https://www.coles.com.au/product/birds-eye-steamfresh-fish-soy-&-ginger-380g-3868732",
    "img": "https://productimages.coles.com.au/productimages/3/3868732.jpg",
    "price": 10,
    "quantity": 0.38,
    "unitPrice": 26.32
  },
  {
    "name": "Classic Guacamole Dip",
    "url": "https://www.coles.com.au/product/obela-classic-guacamole-dip-220g-2580342",
    "img": "https://productimages.coles.com.au/productimages/2/2580342.jpg",
    "price": 5.8,
    "quantity": 0.22,
    "unitPrice": 26.4
  },
  {
    "name": "Brioche Burger Buns",
    "url": "https://www.coles.com.au/product/la-fournee-doree-brioche-burger-buns-250g-4876281",
    "img": "https://productimages.coles.com.au/productimages/4/4876281.jpg",
    "price": 6.6,
    "quantity": 0.25,
    "unitPrice": 26.4
  },
  {
    "name": "Brioche Burger Buns With Sesame Seeds 4 Pack",
    "url": "https://www.coles.com.au/product/la-fournee-doree-brioche-burger-buns-with-sesame-seeds-4-pack-250g-4876394",
    "img": "https://productimages.coles.com.au/productimages/4/4876394.jpg",
    "price": 6.6,
    "quantity": 0.25,
    "unitPrice": 26.4
  },
  {
    "name": "Froot Loops 25% Less Sugar",
    "url": "https://www.coles.com.au/product/kellogg's-froot-loops-25%-less-sugar-265g-6733707",
    "img": "https://productimages.coles.com.au/productimages/6/6733707.jpg",
    "price": 7,
    "quantity": 0.265,
    "unitPrice": 26.4
  },
  {
    "name": "Froot Loops 25% Less Sugar",
    "url": "https://www.coles.com.au/product/kellogg's-froot-loops-25%-less-sugar-265g-6733707",
    "img": "https://productimages.coles.com.au/productimages/6/6733707.jpg",
    "price": 7,
    "quantity": 0.265,
    "unitPrice": 26.4
  },
  {
    "name": "Braised Beef Noodle Cup",
    "url": "https://www.coles.com.au/product/suimin-braised-beef-noodle-cup-70g-192364",
    "img": "https://productimages.coles.com.au/productimages/1/192364.jpg",
    "price": 1.85,
    "quantity": 0.07,
    "unitPrice": 26.4
  },
  {
    "name": "Prawn & Chicken Noodle Cup",
    "url": "https://www.coles.com.au/product/suimin-prawn-&-chicken-noodle-cup-70g-192386",
    "img": "https://productimages.coles.com.au/productimages/1/192386.jpg",
    "price": 1.85,
    "quantity": 0.07,
    "unitPrice": 26.4
  },
  {
    "name": "Curried Prawn Noodle Cup",
    "url": "https://www.coles.com.au/product/suimin-curried-prawn-noodle-cup-70g-202435",
    "img": "https://productimages.coles.com.au/productimages/2/202435.jpg",
    "price": 1.85,
    "quantity": 0.07,
    "unitPrice": 26.4
  },
  {
    "name": "Oriental Chicken Noodle Cup",
    "url": "https://www.coles.com.au/product/suimin-oriental-chicken-noodle-cup-70g-5224210",
    "img": "https://productimages.coles.com.au/productimages/5/5224210.jpg",
    "price": 1.85,
    "quantity": 0.07,
    "unitPrice": 26.4
  },
  {
    "name": "Hot & Spicy Noodle Cup",
    "url": "https://www.coles.com.au/product/suimin-hot-&-spicy-noodle-cup-70g-5566097",
    "img": "https://productimages.coles.com.au/productimages/5/5566097.jpg",
    "price": 1.85,
    "quantity": 0.07,
    "unitPrice": 26.4
  },
  {
    "name": "Chicken Noodle Noodle Cup",
    "url": "https://www.coles.com.au/product/suimin-chicken-noodle-noodle-cup-70g-6861445",
    "img": "https://productimages.coles.com.au/productimages/6/6861445.jpg",
    "price": 1.85,
    "quantity": 0.07,
    "unitPrice": 26.4
  },
  {
    "name": "Mi Goreng Noodle Cup",
    "url": "https://www.coles.com.au/product/suimin-mi-goreng-noodle-cup-70g-7588319",
    "img": "https://productimages.coles.com.au/productimages/7/7588319.jpg",
    "price": 1.85,
    "quantity": 0.07,
    "unitPrice": 26.4
  },
  {
    "name": "Braised Beef Noodle Cup",
    "url": "https://www.coles.com.au/product/suimin-braised-beef-noodle-cup-70g-192364",
    "img": "https://productimages.coles.com.au/productimages/1/192364.jpg",
    "price": 1.85,
    "quantity": 0.07,
    "unitPrice": 26.4
  },
  {
    "name": "Prawn & Chicken Noodle Cup",
    "url": "https://www.coles.com.au/product/suimin-prawn-&-chicken-noodle-cup-70g-192386",
    "img": "https://productimages.coles.com.au/productimages/1/192386.jpg",
    "price": 1.85,
    "quantity": 0.07,
    "unitPrice": 26.4
  },
  {
    "name": "Curried Prawn Noodle Cup",
    "url": "https://www.coles.com.au/product/suimin-curried-prawn-noodle-cup-70g-202435",
    "img": "https://productimages.coles.com.au/productimages/2/202435.jpg",
    "price": 1.85,
    "quantity": 0.07,
    "unitPrice": 26.4
  },
  {
    "name": "Oriental Chicken Noodle Cup",
    "url": "https://www.coles.com.au/product/suimin-oriental-chicken-noodle-cup-70g-5224210",
    "img": "https://productimages.coles.com.au/productimages/5/5224210.jpg",
    "price": 1.85,
    "quantity": 0.07,
    "unitPrice": 26.4
  },
  {
    "name": "Ice Cream Mini Salted Caramel & Macadamia 6 Pack",
    "url": "https://www.coles.com.au/product/connoisseur-ice-cream-mini-salted-caramel-&-macadamia-6-pack-360ml-1745389",
    "img": "https://productimages.coles.com.au/productimages/1/1745389.jpg",
    "price": 9.5,
    "quantity": 0.36,
    "unitPrice": 26.4
  },
  {
    "name": "Dairy Milk Ice Cream 4 pack",
    "url": "https://www.coles.com.au/product/cadbury-dairy-milk-ice-cream-4-pack-360ml-3880603",
    "img": "https://productimages.coles.com.au/productimages/3/3880603.jpg",
    "price": 9.5,
    "quantity": 0.36,
    "unitPrice": 26.4
  },
  {
    "name": "Dairy Milk Hazelnut Ice Cream 4 pack",
    "url": "https://www.coles.com.au/product/cadbury-dairy-milk-hazelnut-ice-cream-4-pack-360ml-3880862",
    "img": "https://productimages.coles.com.au/productimages/3/3880862.jpg",
    "price": 9.5,
    "quantity": 0.36,
    "unitPrice": 26.4
  },
  {
    "name": "Plant Based Vanilla Brownie 4 Pack",
    "url": "https://www.coles.com.au/product/connoisseur-plant-based-vanilla-brownie-4-pack-360ml-3883973",
    "img": "https://productimages.coles.com.au/productimages/3/3883973.jpg",
    "price": 9.5,
    "quantity": 0.36,
    "unitPrice": 26.4
  },
  {
    "name": "Ice Cream Mini Cookies & Cream 6 Pack",
    "url": "https://www.coles.com.au/product/connoisseur-ice-cream-mini-cookies-&-cream-6-pack-360ml-3948285",
    "img": "https://productimages.coles.com.au/productimages/3/3948285.jpg",
    "price": 9.5,
    "quantity": 0.36,
    "unitPrice": 26.4
  },
  {
    "name": "Caramilk Ice Cream 4 Pack",
    "url": "https://www.coles.com.au/product/cadbury-caramilk-ice-cream-4-pack-360ml-4233259",
    "img": "https://productimages.coles.com.au/productimages/4/4233259.jpg",
    "price": 9.5,
    "quantity": 0.36,
    "unitPrice": 26.4
  },
  {
    "name": "Dairy Milk Ice Cream Caramello 4 pack",
    "url": "https://www.coles.com.au/product/cadbury-dairy-milk-ice-cream-caramello-4-pack-360ml-5018615",
    "img": "https://productimages.coles.com.au/productimages/5/5018615.jpg",
    "price": 9.5,
    "quantity": 0.36,
    "unitPrice": 26.4
  },
  {
    "name": "Ice Cream Rocky Road 4 Pack",
    "url": "https://www.coles.com.au/product/connoisseur-ice-cream-rocky-road-4-pack-360ml-5488506",
    "img": "https://productimages.coles.com.au/productimages/5/5488506.jpg",
    "price": 9.5,
    "quantity": 0.36,
    "unitPrice": 26.4
  },
  {
    "name": "Ice Cream Salted Pretzel 4 Pack",
    "url": "https://www.coles.com.au/product/connoisseur-ice-cream-salted-pretzel-4-pack-360ml-5488528",
    "img": "https://productimages.coles.com.au/productimages/5/5488528.jpg",
    "price": 9.5,
    "quantity": 0.36,
    "unitPrice": 26.4
  },
  {
    "name": "Ice Cream Golden Blondie 4 Pack",
    "url": "https://www.coles.com.au/product/connoisseur-ice-cream-golden-blondie-4-pack-360ml-7082900",
    "img": "https://productimages.coles.com.au/productimages/7/7082900.jpg",
    "price": 9.5,
    "quantity": 0.36,
    "unitPrice": 26.4
  },
  {
    "name": "Ice Cream Triple Choc 4 Pack",
    "url": "https://www.coles.com.au/product/connoisseur-ice-cream-triple-choc-4-pack-360ml-7084111",
    "img": "https://productimages.coles.com.au/productimages/7/7084111.jpg",
    "price": 9.5,
    "quantity": 0.36,
    "unitPrice": 26.4
  },
  {
    "name": "Ice Cream Mini Salted Caramel & Macadamia 6 Pack",
    "url": "https://www.coles.com.au/product/connoisseur-ice-cream-mini-salted-caramel-&-macadamia-6-pack-360ml-1745389",
    "img": "https://productimages.coles.com.au/productimages/1/1745389.jpg",
    "price": 9.5,
    "quantity": 0.36,
    "unitPrice": 26.4
  },
  {
    "name": "Dairy Milk Ice Cream 4 pack",
    "url": "https://www.coles.com.au/product/cadbury-dairy-milk-ice-cream-4-pack-360ml-3880603",
    "img": "https://productimages.coles.com.au/productimages/3/3880603.jpg",
    "price": 9.5,
    "quantity": 0.36,
    "unitPrice": 26.4
  },
  {
    "name": "Dairy Milk Hazelnut Ice Cream 4 pack",
    "url": "https://www.coles.com.au/product/cadbury-dairy-milk-hazelnut-ice-cream-4-pack-360ml-3880862",
    "img": "https://productimages.coles.com.au/productimages/3/3880862.jpg",
    "price": 9.5,
    "quantity": 0.36,
    "unitPrice": 26.4
  },
  {
    "name": "Plant Based Vanilla Brownie 4 Pack",
    "url": "https://www.coles.com.au/product/connoisseur-plant-based-vanilla-brownie-4-pack-360ml-3883973",
    "img": "https://productimages.coles.com.au/productimages/3/3883973.jpg",
    "price": 9.5,
    "quantity": 0.36,
    "unitPrice": 26.4
  },
  {
    "name": "Woolworths 100% Canadian Maple Syrup",
    "url": "https://www.woolworths.com.au/shop/productdetails/298476",
    "img": "https://cdn0.woolworths.media/content/wowproductimages/medium/298476.jpg",
    "price": 6.6,
    "quantity": 0.25,
    "unitPrice": 26.4
  },
  {
    "name": "Kellogg's Froot Loops 25% Less Sugar",
    "url": "https://www.woolworths.com.au/shop/productdetails/341514",
    "img": "https://cdn0.woolworths.media/content/wowproductimages/medium/341514.jpg",
    "price": 7,
    "quantity": 0.265,
    "unitPrice": 26.4
  },
  {
    "name": "Lucky Crumbed Walnuts",
    "url": "https://www.woolworths.com.au/shop/productdetails/289996",
    "img": "https://cdn0.woolworths.media/content/wowproductimages/medium/289996.jpg",
    "price": 3.3,
    "quantity": 0.125,
    "unitPrice": 26.4
  },
  {
    "name": "Herbs & Garlic In Oil Marinated Fetta",
    "url": "https://www.coles.com.au/product/castello-herbs-&-garlic-in-oil-marinated-fetta-265g-3842932",
    "img": "https://productimages.coles.com.au/productimages/3/3842932.jpg",
    "price": 7,
    "quantity": 0.265,
    "unitPrice": 26.42
  },
  {
    "name": "Crisco Vegetable Shortening 3Lbs 1.36kg",
    "url": "https://www.woolworths.com.au/shop/productdetails/1074599672",
    "img": "https://cdn0.woolworths.media/content/wowproductimages/medium/1074599672.jpg",
    "price": 35.99,
    "quantity": 1.36,
    "unitPrice": 26.46
  },
  {
    "name": "Goulburn Valley Peaches In Juice  Fruit Cups In Juice",
    "url": "https://www.woolworths.com.au/shop/productdetails/591456",
    "img": "https://cdn0.woolworths.media/content/wowproductimages/medium/591456.jpg",
    "price": 4.5,
    "quantity": 0.17,
    "unitPrice": 26.47
  },
  {
    "name": "Goulburn Valley Two Fruits In Juice Fruit Cups In Juice",
    "url": "https://www.woolworths.com.au/shop/productdetails/591490",
    "img": "https://cdn0.woolworths.media/content/wowproductimages/medium/591490.jpg",
    "price": 4.5,
    "quantity": 0.17,
    "unitPrice": 26.47
  },
  {
    "name": "Dairy Fetta Basil Pesto",
    "url": "https://www.coles.com.au/product/riverina-dairy-fetta-basil-pesto-200g-4360846",
    "img": "https://productimages.coles.com.au/productimages/4/4360846.jpg",
    "price": 5.3,
    "quantity": 0.2,
    "unitPrice": 26.5
  },
  {
    "name": "Dairy Greek Style Fetta",
    "url": "https://www.coles.com.au/product/riverina-dairy-greek-style-fetta-200g-4360879",
    "img": "https://productimages.coles.com.au/productimages/4/4360879.jpg",
    "price": 5.3,
    "quantity": 0.2,
    "unitPrice": 26.5
  },
  {
    "name": "Fetta Smooth",
    "url": "https://www.coles.com.au/product/riverina-dairy-fetta-smooth-200g-4961314",
    "img": "https://productimages.coles.com.au/productimages/4/4961314.jpg",
    "price": 5.3,
    "quantity": 0.2,
    "unitPrice": 26.5
  },
  {
    "name": "Kimchi Can",
    "url": "https://www.coles.com.au/product/obap-kimchi-can-200g-5659471",
    "img": "https://productimages.coles.com.au/productimages/5/5659471.jpg",
    "price": 5.3,
    "quantity": 0.2,
    "unitPrice": 26.5
  },
  {
    "name": "Lime Pickle Medium",
    "url": "https://www.coles.com.au/product/patak's-lime-pickle-medium-283g-9725090",
    "img": "https://productimages.coles.com.au/productimages/9/9725090.jpg",
    "price": 7.5,
    "quantity": 0.283,
    "unitPrice": 26.5
  },
  {
    "name": "Gluten Free Edamame Bean Organic Spaghetti",
    "url": "https://www.coles.com.au/product/slendier-gluten-free-edamame-bean-organic-spaghetti-200g-3405257",
    "img": "https://productimages.coles.com.au/productimages/3/3405257.jpg",
    "price": 5.3,
    "quantity": 0.2,
    "unitPrice": 26.5
  },
  {
    "name": "Edamame Bean Organic Fettuccine",
    "url": "https://www.coles.com.au/product/slendier-edamame-bean-organic-fettuccine-200g-3609869",
    "img": "https://productimages.coles.com.au/productimages/3/3609869.jpg",
    "price": 5.3,
    "quantity": 0.2,
    "unitPrice": 26.5
  },
  {
    "name": "Frozen Ristorante Quattro Formaggi Pizza",
    "url": "https://www.coles.com.au/product/dr.-oetker-frozen-ristorante-quattro-formaggi-pizza-340g-7817904",
    "img": "https://productimages.coles.com.au/productimages/7/7817904.jpg",
    "price": 9,
    "quantity": 0.34,
    "unitPrice": 26.5
  },
  {
    "name": "Chipotle Chicken Quesadilla 2 Pack",
    "url": "https://www.coles.com.au/product/street-eats-chipotle-chicken-quesadilla-2-pack-300g-7033857",
    "img": "https://productimages.coles.com.au/productimages/7/7033857.jpg",
    "price": 7.95,
    "quantity": 0.3,
    "unitPrice": 26.5
  },
  {
    "name": "Eats Cheese & Beans Quesadilla 2 Pack",
    "url": "https://www.coles.com.au/product/street-eats-cheese-&-beans-quesadilla-2-pack-300g-7040987",
    "img": "https://productimages.coles.com.au/productimages/7/7040987.jpg",
    "price": 7.95,
    "quantity": 0.3,
    "unitPrice": 26.5
  },
  {
    "name": "Ocean Chef Salmon Portions Skin On",
    "url": "https://www.woolworths.com.au/shop/productdetails/763541",
    "img": "https://cdn0.woolworths.media/content/wowproductimages/medium/763541.jpg",
    "price": 26.5,
    "quantity": 1,
    "unitPrice": 26.5
  },
  {
    "name": "Ocean Chef Salmon Portions Mediterranean Style",
    "url": "https://www.woolworths.com.au/shop/productdetails/811474",
    "img": "https://cdn0.woolworths.media/content/wowproductimages/medium/811474.jpg",
    "price": 26.5,
    "quantity": 1,
    "unitPrice": 26.5
  },
  {
    "name": "Tropic Co Australian Raw Tiger Prawns Frozen",
    "url": "https://www.woolworths.com.au/shop/productdetails/214457",
    "img": "https://cdn0.woolworths.media/content/wowproductimages/medium/214457.jpg",
    "price": 26.5,
    "quantity": 1,
    "unitPrice": 26.5
  },
  {
    "name": "Slendier Edamame Bean Fettuccine",
    "url": "https://www.woolworths.com.au/shop/productdetails/147932",
    "img": "https://cdn0.woolworths.media/content/wowproductimages/medium/147932.jpg",
    "price": 5.3,
    "quantity": 0.2,
    "unitPrice": 26.5
  },
  {
    "name": "Bertocchi Premium Boneless Leg Ham Shaved From The Deli",
    "url": "https://www.woolworths.com.au/shop/productdetails/353946",
    "img": "https://cdn0.woolworths.media/content/wowproductimages/medium/353946.jpg",
    "price": 26.5,
    "quantity": 1,
    "unitPrice": 26.5
  },
  {
    "name": "Baby Oak Lettuce",
    "url": "https://www.coles.com.au/product/coles-baby-oak-lettuce-150g-5427352",
    "img": "https://productimages.coles.com.au/productimages/5/5427352.jpg",
    "price": 4,
    "quantity": 0.15,
    "unitPrice": 26.67
  },
  {
    "name": "Kitchen Made For Sharing Salad Kit Greek Style",
    "url": "https://www.coles.com.au/product/coles-kitchen-made-for-sharing-salad-kit-greek-style-300g-5486169",
    "img": "https://productimages.coles.com.au/productimages/5/5486169.jpg",
    "price": 8,
    "quantity": 0.3,
    "unitPrice": 26.67
  },
  {
    "name": "Sweet Chilli Pourover",
    "url": "https://www.coles.com.au/product/philadelphia-sweet-chilli-pourover-150g-3274487",
    "img": "https://productimages.coles.com.au/productimages/3/3274487.jpg",
    "price": 4,
    "quantity": 0.15,
    "unitPrice": 26.67
  },
  {
    "name": "Dairy Cognac Pate",
    "url": "https://www.coles.com.au/product/normandie-dairy-cognac-pate-150g-476420",
    "img": "https://productimages.coles.com.au/productimages/4/476420.jpg",
    "price": 4,
    "quantity": 0.15,
    "unitPrice": 26.67
  },
  {
    "name": "Portions Cream Cheese Original Spread",
    "url": "https://www.coles.com.au/product/philadelphia-portions-cream-cheese-original-spread-150g-5432035",
    "img": "https://productimages.coles.com.au/productimages/5/5432035.jpg",
    "price": 4,
    "quantity": 0.15,
    "unitPrice": 26.67
  },
  {
    "name": "Portions Cream Cheese Light Spread",
    "url": "https://www.coles.com.au/product/philadelphia-portions-cream-cheese-light-spread-150g-5432057",
    "img": "https://productimages.coles.com.au/productimages/5/5432057.jpg",
    "price": 4,
    "quantity": 0.15,
    "unitPrice": 26.67
  },
  {
    "name": "Dairy Black Pepper Pate",
    "url": "https://www.coles.com.au/product/normandie-dairy-black-pepper-pate-150g-5686317",
    "img": "https://productimages.coles.com.au/productimages/5/5686317.jpg",
    "price": 4,
    "quantity": 0.15,
    "unitPrice": 26.67
  },
  {
    "name": "Dairy Champagne Pate",
    "url": "https://www.coles.com.au/product/normandie-dairy-champagne-pate-150g-5686339",
    "img": "https://productimages.coles.com.au/productimages/5/5686339.jpg",
    "price": 4,
    "quantity": 0.15,
    "unitPrice": 26.67
  },
  {
    "name": "Pate Chicken Cointreau",
    "url": "https://www.coles.com.au/product/normandie-pate-chicken-cointreau-150g-5686394",
    "img": "https://productimages.coles.com.au/productimages/5/5686394.jpg",
    "price": 4,
    "quantity": 0.15,
    "unitPrice": 26.67
  },
  {
    "name": "Haloumi",
    "url": "https://www.coles.com.au/product/lemnos-haloumi-600g-4362580",
    "img": "https://productimages.coles.com.au/productimages/4/4362580.jpg",
    "price": 16,
    "quantity": 0.6,
    "unitPrice": 26.67
  },
  {
    "name": "Sweet Chilli Pourover",
    "url": "https://www.coles.com.au/product/philadelphia-sweet-chilli-pourover-150g-3274487",
    "img": "https://productimages.coles.com.au/productimages/3/3274487.jpg",
    "price": 4,
    "quantity": 0.15,
    "unitPrice": 26.67
  },
  {
    "name": "Dairy Cognac Pate",
    "url": "https://www.coles.com.au/product/normandie-dairy-cognac-pate-150g-476420",
    "img": "https://productimages.coles.com.au/productimages/4/476420.jpg",
    "price": 4,
    "quantity": 0.15,
    "unitPrice": 26.67
  },
  {
    "name": "Portions Cream Cheese Original Spread",
    "url": "https://www.coles.com.au/product/philadelphia-portions-cream-cheese-original-spread-150g-5432035",
    "img": "https://productimages.coles.com.au/productimages/5/5432035.jpg",
    "price": 4,
    "quantity": 0.15,
    "unitPrice": 26.67
  },
  {
    "name": "Portions Cream Cheese Light Spread",
    "url": "https://www.coles.com.au/product/philadelphia-portions-cream-cheese-light-spread-150g-5432057",
    "img": "https://productimages.coles.com.au/productimages/5/5432057.jpg",
    "price": 4,
    "quantity": 0.15,
    "unitPrice": 26.67
  },
  {
    "name": "Dairy Black Pepper Pate",
    "url": "https://www.coles.com.au/product/normandie-dairy-black-pepper-pate-150g-5686317",
    "img": "https://productimages.coles.com.au/productimages/5/5686317.jpg",
    "price": 4,
    "quantity": 0.15,
    "unitPrice": 26.67
  },
  {
    "name": "Dairy Champagne Pate",
    "url": "https://www.coles.com.au/product/normandie-dairy-champagne-pate-150g-5686339",
    "img": "https://productimages.coles.com.au/productimages/5/5686339.jpg",
    "price": 4,
    "quantity": 0.15,
    "unitPrice": 26.67
  },
  {
    "name": "Pate Chicken Cointreau",
    "url": "https://www.coles.com.au/product/normandie-pate-chicken-cointreau-150g-5686394",
    "img": "https://productimages.coles.com.au/productimages/5/5686394.jpg",
    "price": 4,
    "quantity": 0.15,
    "unitPrice": 26.67
  },
  {
    "name": "Haloumi",
    "url": "https://www.coles.com.au/product/lemnos-haloumi-600g-4362580",
    "img": "https://productimages.coles.com.au/productimages/4/4362580.jpg",
    "price": 16,
    "quantity": 0.6,
    "unitPrice": 26.67
  },
  {
    "name": "Hazelnuts",
    "url": "https://www.coles.com.au/product/coles-hazelnuts-150g-3017597",
    "img": "https://productimages.coles.com.au/productimages/3/3017597.jpg",
    "price": 4,
    "quantity": 0.15,
    "unitPrice": 26.67
  },
  {
    "name": "Ocean Blue Surimi Sea Sticks",
    "url": "https://www.woolworths.com.au/shop/productdetails/766473",
    "img": "https://cdn0.woolworths.media/content/wowproductimages/medium/766473.jpg",
    "price": 4,
    "quantity": 0.15,
    "unitPrice": 26.67
  },
  {
    "name": "Woolworths Cook Beef Pepper Steaks",
    "url": "https://www.woolworths.com.au/shop/productdetails/54241",
    "img": "https://cdn0.woolworths.media/content/wowproductimages/medium/054241.jpg",
    "price": 8,
    "quantity": 0.3,
    "unitPrice": 26.67
  },
  {
    "name": "Woolworths Cook  Slow Cooked Shanghai Style Pork Belly",
    "url": "https://www.woolworths.com.au/shop/productdetails/251644",
    "img": "https://cdn0.woolworths.media/content/wowproductimages/medium/251644.jpg",
    "price": 16,
    "quantity": 0.6,
    "unitPrice": 26.67
  },
  {
    "name": "Macro Free Range Pork Scotch Fillet Steak",
    "url": "https://www.woolworths.com.au/shop/productdetails/169852",
    "img": "https://cdn0.woolworths.media/content/wowproductimages/medium/169852.jpg",
    "price": 8,
    "quantity": 0.3,
    "unitPrice": 26.67
  },
  {
    "name": "Picon Creamy Spread Portions Cheese Spread",
    "url": "https://www.woolworths.com.au/shop/productdetails/237389",
    "img": "https://cdn0.woolworths.media/content/wowproductimages/medium/237389.jpg",
    "price": 3.2,
    "quantity": 0.12,
    "unitPrice": 26.67
  },
  {
    "name": "Woolworths Hazelnuts",
    "url": "https://www.woolworths.com.au/shop/productdetails/726353",
    "img": "https://cdn0.woolworths.media/content/wowproductimages/medium/726353.jpg",
    "price": 4,
    "quantity": 0.15,
    "unitPrice": 26.67
  },
  {
    "name": "Woolworths Roasted & Diced Almonds",
    "url": "https://www.woolworths.com.au/shop/productdetails/147615",
    "img": "https://cdn0.woolworths.media/content/wowproductimages/medium/147615.jpg",
    "price": 4,
    "quantity": 0.15,
    "unitPrice": 26.67
  },
  {
    "name": "Lucky Natural Almonds",
    "url": "https://www.woolworths.com.au/shop/productdetails/244374",
    "img": "https://cdn0.woolworths.media/content/wowproductimages/medium/244374.jpg",
    "price": 8,
    "quantity": 0.3,
    "unitPrice": 26.67
  },
  {
    "name": "Low Fat Passionfruit Yoghurt 4 Pack",
    "url": "https://www.coles.com.au/product/vaalia-low-fat-passionfruit-yoghurt-4-pack-150g-8009494",
    "img": "https://productimages.coles.com.au/productimages/8/8009494.jpg",
    "price": 4,
    "quantity": 0.15,
    "unitPrice": 26.7
  },
  {
    "name": "Gluten Free Curried Pumpkin & Spinach Veggie Bites",
    "url": "https://www.coles.com.au/product/yumi's-gluten-free-curried-pumpkin-&-spinach-veggie-bites-225g-2121990",
    "img": "https://productimages.coles.com.au/productimages/2/2121990.jpg",
    "price": 6,
    "quantity": 0.225,
    "unitPrice": 26.7
  },
  {
    "name": "Gluten Free Zucchini & Lentil Veggie Bites",
    "url": "https://www.coles.com.au/product/yumi's-gluten-free-zucchini-&-lentil-veggie-bites-225g-2122010",
    "img": "https://productimages.coles.com.au/productimages/2/2122010.jpg",
    "price": 6,
    "quantity": 0.225,
    "unitPrice": 26.7
  },
  {
    "name": "Meat-Free Roast Duck",
    "url": "https://www.coles.com.au/product/get-plant'd-meat-free-roast-duck-300g-6065916",
    "img": "https://productimages.coles.com.au/productimages/6/6065916.jpg",
    "price": 8,
    "quantity": 0.3,
    "unitPrice": 26.7
  },
  {
    "name": "Meat Free Roast Chicken",
    "url": "https://www.coles.com.au/product/get-plant'd-meat-free-roast-chicken-300g-6065927",
    "img": "https://productimages.coles.com.au/productimages/6/6065927.jpg",
    "price": 8,
    "quantity": 0.3,
    "unitPrice": 26.7
  },
  {
    "name": "Meat Free Roast Char Siu Pork",
    "url": "https://www.coles.com.au/product/get-plant'd-meat-free-roast-char-siu-pork-300g-6065971",
    "img": "https://productimages.coles.com.au/productimages/6/6065971.jpg",
    "price": 8,
    "quantity": 0.3,
    "unitPrice": 26.7
  },
  {
    "name": "Low Fat Passionfruit Yoghurt 4 Pack",
    "url": "https://www.coles.com.au/product/vaalia-low-fat-passionfruit-yoghurt-4-pack-150g-8009494",
    "img": "https://productimages.coles.com.au/productimages/8/8009494.jpg",
    "price": 4,
    "quantity": 0.15,
    "unitPrice": 26.7
  },
  {
    "name": "Gluten Free Curried Pumpkin & Spinach Veggie Bites",
    "url": "https://www.coles.com.au/product/yumi's-gluten-free-curried-pumpkin-&-spinach-veggie-bites-225g-2121990",
    "img": "https://productimages.coles.com.au/productimages/2/2121990.jpg",
    "price": 6,
    "quantity": 0.225,
    "unitPrice": 26.7
  },
  {
    "name": "Gluten Free Zucchini & Lentil Veggie Bites",
    "url": "https://www.coles.com.au/product/yumi's-gluten-free-zucchini-&-lentil-veggie-bites-225g-2122010",
    "img": "https://productimages.coles.com.au/productimages/2/2122010.jpg",
    "price": 6,
    "quantity": 0.225,
    "unitPrice": 26.7
  },
  {
    "name": "Meat-Free Roast Duck",
    "url": "https://www.coles.com.au/product/get-plant'd-meat-free-roast-duck-300g-6065916",
    "img": "https://productimages.coles.com.au/productimages/6/6065916.jpg",
    "price": 8,
    "quantity": 0.3,
    "unitPrice": 26.7
  },
  {
    "name": "Meat Free Roast Chicken",
    "url": "https://www.coles.com.au/product/get-plant'd-meat-free-roast-chicken-300g-6065927",
    "img": "https://productimages.coles.com.au/productimages/6/6065927.jpg",
    "price": 8,
    "quantity": 0.3,
    "unitPrice": 26.7
  },
  {
    "name": "Meat Free Roast Char Siu Pork",
    "url": "https://www.coles.com.au/product/get-plant'd-meat-free-roast-char-siu-pork-300g-6065971",
    "img": "https://productimages.coles.com.au/productimages/6/6065971.jpg",
    "price": 8,
    "quantity": 0.3,
    "unitPrice": 26.7
  },
  {
    "name": "60% Lower Carb Wrap White",
    "url": "https://www.coles.com.au/product/helga's-60%-lower-carb-wrap-white-225g-5862908",
    "img": "https://productimages.coles.com.au/productimages/5/5862908.jpg",
    "price": 6,
    "quantity": 0.225,
    "unitPrice": 26.7
  },
  {
    "name": "Hickory Smoked Rindless Middle Bacon",
    "url": "https://www.coles.com.au/product/primo-hickory-smoked-rindless-middle-bacon-approx.-100g-4304233",
    "img": "https://productimages.coles.com.au/productimages/4/4304233.jpg",
    "price": 2.67,
    "quantity": 0.1,
    "unitPrice": 26.7
  },
  {
    "name": "99% Sugar Free Low Carb Pancake Shake",
    "url": "https://www.coles.com.au/product/noshu-99%-sugar-free-low-carb-pancake-shake-240g-3765693",
    "img": "https://productimages.coles.com.au/productimages/3/3765693.jpg",
    "price": 6.4,
    "quantity": 0.24,
    "unitPrice": 26.7
  },
  {
    "name": "98% Sugar Free Buttermilk Pancake Mix",
    "url": "https://www.coles.com.au/product/noshu-98%-sugar-free-buttermilk-pancake-mix-240g-3997032",
    "img": "https://productimages.coles.com.au/productimages/3/3997032.jpg",
    "price": 6.4,
    "quantity": 0.24,
    "unitPrice": 26.7
  },
  {
    "name": "Hot & Spicy Noodle Cup",
    "url": "https://www.coles.com.au/product/indomie-hot-&-spicy-noodle-cup-75g-3993053",
    "img": "https://productimages.coles.com.au/productimages/3/3993053.jpg",
    "price": 2,
    "quantity": 0.075,
    "unitPrice": 26.7
  },
  {
    "name": "Mi Goreng Fried Noodle Cup",
    "url": "https://www.coles.com.au/product/indomie-mi-goreng-fried-noodle-cup-75g-8364420",
    "img": "https://productimages.coles.com.au/productimages/8/8364420.jpg",
    "price": 2,
    "quantity": 0.075,
    "unitPrice": 26.7
  },
  {
    "name": "Macaroni Cheese Pasta & Sauce Serves 3",
    "url": "https://www.coles.com.au/product/continental-macaroni-cheese-pasta-&-sauce-serves-3-105g-1416296",
    "img": "https://productimages.coles.com.au/productimages/1/1416296.jpg",
    "price": 2.8,
    "quantity": 0.105,
    "unitPrice": 26.7
  },
  {
    "name": "Chicken Noodle Soup Serves 4",
    "url": "https://www.coles.com.au/product/continental-chicken-noodle-soup-serves-4-45g-129335",
    "img": "https://productimages.coles.com.au/productimages/1/129335.jpg",
    "price": 1.2,
    "quantity": 0.045,
    "unitPrice": 26.7
  },
  {
    "name": "Gyoza Sauce",
    "url": "https://www.coles.com.au/product/kikkoman-gyoza-sauce-150ml-6144160",
    "img": "https://productimages.coles.com.au/productimages/6/6144160.jpg",
    "price": 4,
    "quantity": 0.15,
    "unitPrice": 26.7
  },
  {
    "name": "Dashi Tsuyu Sauce",
    "url": "https://www.coles.com.au/product/kikkoman-dashi-tsuyu-sauce-150ml-6144193",
    "img": "https://productimages.coles.com.au/productimages/6/6144193.jpg",
    "price": 4,
    "quantity": 0.15,
    "unitPrice": 26.7
  },
  {
    "name": "Premium Coconut Milk Powder 3 Pack",
    "url": "https://www.coles.com.au/product/ayam-premium-coconut-milk-powder-3-pack-150g-6801080",
    "img": "https://productimages.coles.com.au/productimages/6/6801080.jpg",
    "price": 4,
    "quantity": 0.15,
    "unitPrice": 26.7
  },
  {
    "name": "Croissant With Chocolate Cream Filling 6 Pack",
    "url": "https://www.coles.com.au/product/eurobisc-croissant-with-chocolate-cream-filling-6-pack-300g-3083139",
    "img": "https://productimages.coles.com.au/productimages/3/3083139.jpg",
    "price": 8,
    "quantity": 0.3,
    "unitPrice": 26.7
  },
  {
    "name": "Pure Sesame Oil",
    "url": "https://www.coles.com.au/product/changs-pure-sesame-oil-150ml-5099093",
    "img": "https://productimages.coles.com.au/productimages/5/5099093.jpg",
    "price": 4,
    "quantity": 0.15,
    "unitPrice": 26.7
  },
  {
    "name": "Extra Virgin Olive Classic",
    "url": "https://www.coles.com.au/product/cobram-estate-extra-virgin-olive-classic-750ml-4491469",
    "img": "https://productimages.coles.com.au/productimages/4/4491469.jpg",
    "price": 20,
    "quantity": 0.75,
    "unitPrice": 26.7
  },
  {
    "name": "Extra Virgin Olive Oil Light",
    "url": "https://www.coles.com.au/product/cobram-estate-extra-virgin-olive-oil-light-750ml-7452179",
    "img": "https://productimages.coles.com.au/productimages/7/7452179.jpg",
    "price": 20,
    "quantity": 0.75,
    "unitPrice": 26.7
  },
  {
    "name": "Extra Virgin Olive Oil Robust",
    "url": "https://www.coles.com.au/product/cobram-estate-extra-virgin-olive-oil-robust-750ml-8370400",
    "img": "https://productimages.coles.com.au/productimages/8/8370400.jpg",
    "price": 20,
    "quantity": 0.75,
    "unitPrice": 26.7
  },
  {
    "name": "Organic Frozen Blueberries",
    "url": "https://www.coles.com.au/product/oob-organic-frozen-blueberries-300g-3988654",
    "img": "https://productimages.coles.com.au/productimages/3/3988654.jpg",
    "price": 8,
    "quantity": 0.3,
    "unitPrice": 26.7
  },
  {
    "name": "Organic Frozen Mixed Berries",
    "url": "https://www.coles.com.au/product/oob-organic-frozen-mixed-berries-300g-3988687",
    "img": "https://productimages.coles.com.au/productimages/3/3988687.jpg",
    "price": 8,
    "quantity": 0.3,
    "unitPrice": 26.7
  },
  {
    "name": "Organic Frozen Strawberries",
    "url": "https://www.coles.com.au/product/oob-organic-frozen-strawberries-300g-3988712",
    "img": "https://productimages.coles.com.au/productimages/3/3988712.jpg",
    "price": 8,
    "quantity": 0.3,
    "unitPrice": 26.7
  },
  {
    "name": "Frozen Mango",
    "url": "https://www.coles.com.au/product/oob-organic-frozen-mango-300g-4926460",
    "img": "https://productimages.coles.com.au/productimages/4/4926460.jpg",
    "price": 8,
    "quantity": 0.3,
    "unitPrice": 26.7
  },
  {
    "name": "Cobram Estate Classic Extra Virgin Olive Oil",
    "url": "https://www.woolworths.com.au/shop/productdetails/237418",
    "img": "https://cdn0.woolworths.media/content/wowproductimages/medium/237418.jpg",
    "price": 20,
    "quantity": 0.75,
    "unitPrice": 26.7
  },
  {
    "name": "Cobram Estate Extra Virgin Light Olive Oil",
    "url": "https://www.woolworths.com.au/shop/productdetails/345955",
    "img": "https://cdn0.woolworths.media/content/wowproductimages/medium/345955.jpg",
    "price": 20,
    "quantity": 0.75,
    "unitPrice": 26.7
  },
  {
    "name": "Cobram Estate Extra Virgin Rich & Robust Olive Oil",
    "url": "https://www.woolworths.com.au/shop/productdetails/371061",
    "img": "https://cdn0.woolworths.media/content/wowproductimages/medium/371061.jpg",
    "price": 20,
    "quantity": 0.75,
    "unitPrice": 26.7
  },
  {
    "name": "Continental Classics Simmer Soup Chicken Noodle",
    "url": "https://www.woolworths.com.au/shop/productdetails/34389",
    "img": "https://cdn0.woolworths.media/content/wowproductimages/medium/034389.jpg",
    "price": 1.2,
    "quantity": 0.045,
    "unitPrice": 26.7
  },
  {
    "name": "Tasti Made Simple Forest Fruits",
    "url": "https://www.woolworths.com.au/shop/productdetails/513478",
    "img": "https://cdn0.woolworths.media/content/wowproductimages/medium/513478.jpg",
    "price": 4,
    "quantity": 0.15,
    "unitPrice": 26.7
  },
  {
    "name": "Arnott's Gluten Free Choc Ripple Plain Biscuits",
    "url": "https://www.woolworths.com.au/shop/productdetails/168908",
    "img": "https://cdn0.woolworths.media/content/wowproductimages/medium/168908.jpg",
    "price": 4,
    "quantity": 0.15,
    "unitPrice": 26.7
  },
  {
    "name": "Vegemite Spread",
    "url": "https://www.woolworths.com.au/shop/productdetails/281263",
    "img": "https://cdn0.woolworths.media/content/wowproductimages/medium/281263.jpg",
    "price": 4,
    "quantity": 0.15,
    "unitPrice": 26.7
  },
  {
    "name": "Kialla Pure Organics Overnight Apple Cinnamon",
    "url": "https://www.woolworths.com.au/shop/productdetails/205745",
    "img": "https://cdn0.woolworths.media/content/wowproductimages/medium/205745.jpg",
    "price": 8,
    "quantity": 0.3,
    "unitPrice": 26.7
  },
  {
    "name": "Kialla Pure Organics Overnight Oats Cacao",
    "url": "https://www.woolworths.com.au/shop/productdetails/204788",
    "img": "https://cdn0.woolworths.media/content/wowproductimages/medium/204788.jpg",
    "price": 8,
    "quantity": 0.3,
    "unitPrice": 26.7
  },
  {
    "name": "Kialla Pure Organics Overnight Maple Vanilla",
    "url": "https://www.woolworths.com.au/shop/productdetails/205636",
    "img": "https://cdn0.woolworths.media/content/wowproductimages/medium/205636.jpg",
    "price": 8,
    "quantity": 0.3,
    "unitPrice": 26.7
  },
  {
    "name": "Kialla Pure Organics Cinnamon Donut Porridge",
    "url": "https://www.woolworths.com.au/shop/productdetails/271186",
    "img": "https://cdn0.woolworths.media/content/wowproductimages/medium/271186.jpg",
    "price": 8,
    "quantity": 0.3,
    "unitPrice": 26.7
  },
  {
    "name": "Kialla Pure Organics Lamington Porridge",
    "url": "https://www.woolworths.com.au/shop/productdetails/271433",
    "img": "https://cdn0.woolworths.media/content/wowproductimages/medium/271433.jpg",
    "price": 8,
    "quantity": 0.3,
    "unitPrice": 26.7
  },
  {
    "name": "Kialla Pure Organics Cookie Dough Porridge",
    "url": "https://www.woolworths.com.au/shop/productdetails/271771",
    "img": "https://cdn0.woolworths.media/content/wowproductimages/medium/271771.jpg",
    "price": 8,
    "quantity": 0.3,
    "unitPrice": 26.7
  },
  {
    "name": "Lucky Natural Cashews",
    "url": "https://www.woolworths.com.au/shop/productdetails/243736",
    "img": "https://cdn0.woolworths.media/content/wowproductimages/medium/243736.jpg",
    "price": 4,
    "quantity": 0.15,
    "unitPrice": 26.7
  },
  {
    "name": "Lakanto Monkfruit No Sugar Added Golden Malt Flavoured Syrup",
    "url": "https://www.woolworths.com.au/shop/productdetails/143006",
    "img": "https://cdn0.woolworths.media/content/wowproductimages/medium/143006.jpg",
    "price": 8,
    "quantity": 0.3,
    "unitPrice": 26.7
  },
  {
    "name": "Macro Cacao Crunch Toppers",
    "url": "https://www.woolworths.com.au/shop/productdetails/113177",
    "img": "https://cdn0.woolworths.media/content/wowproductimages/medium/113177.jpg",
    "price": 4,
    "quantity": 0.15,
    "unitPrice": 26.7
  },
  {
    "name": "Truvia Stevia Granules",
    "url": "https://www.woolworths.com.au/shop/productdetails/37483",
    "img": "https://cdn0.woolworths.media/content/wowproductimages/medium/037483.jpg",
    "price": 7.2,
    "quantity": 0.27,
    "unitPrice": 26.7
  },
  {
    "name": "Woolworths Cook Chinese Bbq Style Pork With Char Siu Sauce",
    "url": "https://www.woolworths.com.au/shop/productdetails/135629",
    "img": "https://cdn0.woolworths.media/content/wowproductimages/medium/135629.jpg",
    "price": 15,
    "quantity": 0.56,
    "unitPrice": 26.79
  },
  {
    "name": "Peking Duck Pancake Kit",
    "url": "https://www.coles.com.au/product/luv-a-duck-peking-duck-pancake-kit-560g-4219611",
    "img": "https://productimages.coles.com.au/productimages/4/4219611.jpg",
    "price": 15,
    "quantity": 0.56,
    "unitPrice": 26.8
  },
  {
    "name": "Peking Duck Pancake Kit",
    "url": "https://www.coles.com.au/product/luv-a-duck-peking-duck-pancake-kit-560g-4219611",
    "img": "https://productimages.coles.com.au/productimages/4/4219611.jpg",
    "price": 15,
    "quantity": 0.56,
    "unitPrice": 26.8
  },
  {
    "name": "Barbecue Sauce",
    "url": "https://www.coles.com.au/product/bull-head-barbecue-sauce-127g-1316112",
    "img": "https://productimages.coles.com.au/productimages/1/1316112.jpg",
    "price": 3.4,
    "quantity": 0.127,
    "unitPrice": 26.8
  },
  {
    "name": "Truffle & Mushroom Pizza",
    "url": "https://www.coles.com.au/product/destination-italy-truffle-&-mushroom-pizza-411g-7027526",
    "img": "https://productimages.coles.com.au/productimages/7/7027526.jpg",
    "price": 11,
    "quantity": 0.411,
    "unitPrice": 26.8
  },
  {
    "name": "Woolworths Cookie Caramel Bar Slice",
    "url": "https://www.woolworths.com.au/shop/productdetails/61196",
    "img": "https://cdn0.woolworths.media/content/wowproductimages/medium/061196.jpg",
    "price": 7.5,
    "quantity": 0.28,
    "unitPrice": 26.8
  },
  {
    "name": "Primo Rindless Middle Bacon",
    "url": "https://www.woolworths.com.au/shop/productdetails/380578",
    "img": "https://cdn0.woolworths.media/content/wowproductimages/medium/380578.jpg",
    "price": 6.7,
    "quantity": 0.25,
    "unitPrice": 26.8
  },
  {
    "name": "Sustagen Vanilla Ready To Drink",
    "url": "https://www.woolworths.com.au/shop/productdetails/768721",
    "img": "https://cdn0.woolworths.media/content/wowproductimages/medium/768721.jpg",
    "price": 6.7,
    "quantity": 0.25,
    "unitPrice": 26.8
  },
  {
    "name": "Nestle Sustagen Dutch Chocolate Ready To Drink",
    "url": "https://www.woolworths.com.au/shop/productdetails/211476",
    "img": "https://cdn0.woolworths.media/content/wowproductimages/medium/211476.jpg",
    "price": 6.7,
    "quantity": 0.25,
    "unitPrice": 26.8
  },
  {
    "name": "Gloriously Free Oat Flour 600g",
    "url": "https://www.woolworths.com.au/shop/productdetails/1073780049",
    "img": "https://cdn0.woolworths.media/content/wowproductimages/medium/1073780049.jpg",
    "price": 13.43,
    "quantity": 0.5,
    "unitPrice": 26.86
  },
  {
    "name": "Passionfruit Cheesecake Bar",
    "url": "https://www.coles.com.au/product/coles-passionfruit-cheesecake-bar-520g-5529206",
    "img": "https://productimages.coles.com.au/productimages/5/5529206.jpg",
    "price": 14,
    "quantity": 0.52,
    "unitPrice": 26.9
  }
]
