[
  {
    "name": "Tortilla Pockets 8 Pack",
    "url": "https://www.coles.com.au/product/old-el-paso-tortilla-pockets-8-pack-223g-3801549",
    "img": "https://productimages.coles.com.au/productimages/3/3801549.jpg",
    "price": 6,
    "quantity": 0.223,
    "unitPrice": 26.9
  },
  {
    "name": "Knorr Sauce Chinese Sweet & Sour 2 Kg",
    "url": "https://www.woolworths.com.au/shop/productdetails/1074043559",
    "img": "https://cdn0.woolworths.media/content/wowproductimages/medium/1074043559.jpg",
    "price": 53.79,
    "quantity": 2,
    "unitPrice": 26.9
  },
  {
    "name": "Express Mediterranean Olives",
    "url": "https://www.coles.com.au/product/coles-deli-express-mediterranean-olives-130g-3066934",
    "img": "https://productimages.coles.com.au/productimages/3/3066934.jpg",
    "price": 3.5,
    "quantity": 0.13,
    "unitPrice": 26.92
  },
  {
    "name": "Roast Capsicum Strips",
    "url": "https://www.coles.com.au/product/coles-deli-express-roast-capsicum-strips-130g-5651120",
    "img": "https://productimages.coles.com.au/productimages/5/5651120.jpg",
    "price": 3.5,
    "quantity": 0.13,
    "unitPrice": 26.92
  },
  {
    "name": "Ginger loose",
    "url": "https://www.coles.com.au/product/coles-ginger-loose-approx.-120g-each-5034484",
    "img": "https://productimages.coles.com.au/productimages/5/5034484.jpg",
    "price": 3.24,
    "quantity": 0.12,
    "unitPrice": 27
  },
  {
    "name": "Antioxidant Blend",
    "url": "https://www.coles.com.au/product/coles-antioxidant-blend-approx.-100g-9880810",
    "img": "https://productimages.coles.com.au/productimages/9/9880810.jpg",
    "price": 2.7,
    "quantity": 0.1,
    "unitPrice": 27
  },
  {
    "name": "Fodder Taramosalata Dip",
    "url": "https://www.coles.com.au/product/fresh-fodder-taramosalata-dip-200g-3349837",
    "img": "https://productimages.coles.com.au/productimages/3/3349837.jpg",
    "price": 5.4,
    "quantity": 0.2,
    "unitPrice": 27
  },
  {
    "name": "Fodder Greek Style Tzatziki Dip",
    "url": "https://www.coles.com.au/product/fresh-fodder-greek-style-tzatziki-dip-200g-3349870",
    "img": "https://productimages.coles.com.au/productimages/3/3349870.jpg",
    "price": 5.4,
    "quantity": 0.2,
    "unitPrice": 27
  },
  {
    "name": "Chunky Steak Pie",
    "url": "https://www.coles.com.au/product/garlos-chunky-steak-pie-200g-7155129",
    "img": "https://productimages.coles.com.au/productimages/7/7155129.jpg",
    "price": 5.4,
    "quantity": 0.2,
    "unitPrice": 27
  },
  {
    "name": "Fodder Taramosalata Dip",
    "url": "https://www.coles.com.au/product/fresh-fodder-taramosalata-dip-200g-3349837",
    "img": "https://productimages.coles.com.au/productimages/3/3349837.jpg",
    "price": 5.4,
    "quantity": 0.2,
    "unitPrice": 27
  },
  {
    "name": "Fodder Greek Style Tzatziki Dip",
    "url": "https://www.coles.com.au/product/fresh-fodder-greek-style-tzatziki-dip-200g-3349870",
    "img": "https://productimages.coles.com.au/productimages/3/3349870.jpg",
    "price": 5.4,
    "quantity": 0.2,
    "unitPrice": 27
  },
  {
    "name": "Chunky Steak Pie",
    "url": "https://www.coles.com.au/product/garlos-chunky-steak-pie-200g-7155129",
    "img": "https://productimages.coles.com.au/productimages/7/7155129.jpg",
    "price": 5.4,
    "quantity": 0.2,
    "unitPrice": 27
  },
  {
    "name": "Milk Chocolate Mini Rolls 18 Pack",
    "url": "https://www.coles.com.au/product/cadbury-milk-chocolate-mini-rolls-18-pack-445g-3217687",
    "img": "https://productimages.coles.com.au/productimages/3/3217687.jpg",
    "price": 12,
    "quantity": 0.445,
    "unitPrice": 27
  },
  {
    "name": "Low Carb High Protein Pizza Base 2 pack",
    "url": "https://www.coles.com.au/product/coles-low-carb-high-protein-pizza-base-2-pack-200g-4984310",
    "img": "https://productimages.coles.com.au/productimages/4/4984310.jpg",
    "price": 5.4,
    "quantity": 0.2,
    "unitPrice": 27
  },
  {
    "name": "Raspberry And White Chocolate Muffins 2 Pack",
    "url": "https://www.coles.com.au/product/coles-raspberry-and-white-chocolate-muffins-2-pack-220g-6309646",
    "img": "https://productimages.coles.com.au/productimages/6/6309646.jpg",
    "price": 5.95,
    "quantity": 0.22,
    "unitPrice": 27
  },
  {
    "name": "Temptations Chocolate Mousse",
    "url": "https://www.coles.com.au/product/greens-temptations-chocolate-mousse-185g-3531230",
    "img": "https://productimages.coles.com.au/productimages/3/3531230.jpg",
    "price": 5,
    "quantity": 0.185,
    "unitPrice": 27
  },
  {
    "name": "Sesame Seeds",
    "url": "https://www.coles.com.au/product/hoyts-sesame-seeds-100g-286887",
    "img": "https://productimages.coles.com.au/productimages/2/286887.jpg",
    "price": 2.7,
    "quantity": 0.1,
    "unitPrice": 27
  },
  {
    "name": "Hot Sauce",
    "url": "https://www.coles.com.au/product/tapatio-hot-sauce-148ml-3267969",
    "img": "https://productimages.coles.com.au/productimages/3/3267969.jpg",
    "price": 4,
    "quantity": 0.148,
    "unitPrice": 27
  },
  {
    "name": "Aged Balsamic Vinegar Gold Label 4 Seal",
    "url": "https://www.coles.com.au/product/mazzetti-aged-balsamic-vinegar-gold-label-4-seal-250ml-4618107",
    "img": "https://productimages.coles.com.au/productimages/4/4618107.jpg",
    "price": 6.75,
    "quantity": 0.25,
    "unitPrice": 27
  },
  {
    "name": "Salt Reduced Chicken Style Stock Powder",
    "url": "https://www.coles.com.au/product/massel-salt-reduced-chicken-style-stock-powder-140g-9026499",
    "img": "https://productimages.coles.com.au/productimages/9/9026499.jpg",
    "price": 3.75,
    "quantity": 0.14,
    "unitPrice": 27
  },
  {
    "name": "Gravy Pepper",
    "url": "https://www.coles.com.au/product/gravox-gravy-pepper-140g-6046638",
    "img": "https://productimages.coles.com.au/productimages/6/6046638.jpg",
    "price": 3.8,
    "quantity": 0.14,
    "unitPrice": 27
  },
  {
    "name": "Frozen Gluten Free Ristorante Mozzarella Pizza",
    "url": "https://www.coles.com.au/product/dr.-oetker-frozen-gluten-free-ristorante-mozzarella-pizza-370g-3217949",
    "img": "https://productimages.coles.com.au/productimages/3/3217949.jpg",
    "price": 10,
    "quantity": 0.37,
    "unitPrice": 27
  },
  {
    "name": "Good By Grove Avocado Oil",
    "url": "https://www.woolworths.com.au/shop/productdetails/137537",
    "img": "https://cdn0.woolworths.media/content/wowproductimages/medium/137537.jpg",
    "price": 13.5,
    "quantity": 0.5,
    "unitPrice": 27
  },
  {
    "name": "Ginger Fresh",
    "url": "https://www.woolworths.com.au/shop/productdetails/138082",
    "img": "https://cdn0.woolworths.media/content/wowproductimages/medium/138082.jpg",
    "price": 27,
    "quantity": 1,
    "unitPrice": 27
  },
  {
    "name": "D'orsogna Ham Leg Triple Smoked 97% Fat Free Shaved",
    "url": "https://www.woolworths.com.au/shop/productdetails/175734",
    "img": "https://cdn0.woolworths.media/content/wowproductimages/medium/175734.jpg",
    "price": 27,
    "quantity": 1,
    "unitPrice": 27
  },
  {
    "name": "Pastoral Oven Roasted Pork Herb Crusted Sliced From The Deli",
    "url": "https://www.woolworths.com.au/shop/productdetails/620498",
    "img": "https://cdn0.woolworths.media/content/wowproductimages/medium/620498.jpg",
    "price": 27,
    "quantity": 1,
    "unitPrice": 27
  },
  {
    "name": "Macro Free Range Pork Rashers",
    "url": "https://www.woolworths.com.au/shop/productdetails/248544",
    "img": "https://cdn0.woolworths.media/content/wowproductimages/medium/248544.jpg",
    "price": 14.85,
    "quantity": 0.55,
    "unitPrice": 27
  },
  {
    "name": "Pastoral Oven Roasted Pork Herb Crusted Sliced From The Deli",
    "url": "https://www.woolworths.com.au/shop/productdetails/666700",
    "img": "https://cdn0.woolworths.media/content/wowproductimages/medium/666700.jpg",
    "price": 27,
    "quantity": 1,
    "unitPrice": 27
  },
  {
    "name": "Massel Reduced Salt Chicken Stock Powder",
    "url": "https://www.woolworths.com.au/shop/productdetails/579057",
    "img": "https://cdn0.woolworths.media/content/wowproductimages/medium/579057.jpg",
    "price": 3.75,
    "quantity": 0.14,
    "unitPrice": 27
  },
  {
    "name": "Continental Chicken Superbe Stock Stock Powder",
    "url": "https://www.woolworths.com.au/shop/productdetails/446301",
    "img": "https://cdn0.woolworths.media/content/wowproductimages/medium/446301.jpg",
    "price": 3.5,
    "quantity": 0.13,
    "unitPrice": 27
  },
  {
    "name": "Massel Reduced Salt Chicken Stock Powder",
    "url": "https://www.woolworths.com.au/shop/productdetails/579057",
    "img": "https://cdn0.woolworths.media/content/wowproductimages/medium/579057.jpg",
    "price": 3.75,
    "quantity": 0.14,
    "unitPrice": 27
  },
  {
    "name": "Pascall Mixed Pink & White Marshmallows 2PK 1kg",
    "url": "https://www.woolworths.com.au/shop/productdetails/1074699669",
    "img": "https://cdn0.woolworths.media/content/wowproductimages/medium/1074699669.jpg",
    "price": 27,
    "quantity": 1,
    "unitPrice": 27
  },
  {
    "name": "Smoked Oysters In Oil",
    "url": "https://www.coles.com.au/product/safcol-smoked-oysters-in-oil-85g-2508403",
    "img": "https://productimages.coles.com.au/productimages/2/2508403.jpg",
    "price": 2.3,
    "quantity": 0.085,
    "unitPrice": 27.06
  },
  {
    "name": "Dairylea Cheestik Sticks",
    "url": "https://www.woolworths.com.au/shop/productdetails/64076",
    "img": "https://cdn0.woolworths.media/content/wowproductimages/medium/064076.jpg",
    "price": 6.5,
    "quantity": 0.24,
    "unitPrice": 27.08
  },
  {
    "name": "Milky Max Chocolate Custard",
    "url": "https://www.coles.com.au/product/pauls-milky-max-chocolate-custard-70g-1199223",
    "img": "https://productimages.coles.com.au/productimages/1/1199223.jpg",
    "price": 1.9,
    "quantity": 0.07,
    "unitPrice": 27.1
  },
  {
    "name": "Banana Pouch",
    "url": "https://www.coles.com.au/product/pauls-banana-pouch-70g-5295455",
    "img": "https://productimages.coles.com.au/productimages/5/5295455.jpg",
    "price": 1.9,
    "quantity": 0.07,
    "unitPrice": 27.1
  },
  {
    "name": "Milky Max Chocolate Custard",
    "url": "https://www.coles.com.au/product/pauls-milky-max-chocolate-custard-70g-1199223",
    "img": "https://productimages.coles.com.au/productimages/1/1199223.jpg",
    "price": 1.9,
    "quantity": 0.07,
    "unitPrice": 27.1
  },
  {
    "name": "Banana Pouch",
    "url": "https://www.coles.com.au/product/pauls-banana-pouch-70g-5295455",
    "img": "https://productimages.coles.com.au/productimages/5/5295455.jpg",
    "price": 1.9,
    "quantity": 0.07,
    "unitPrice": 27.1
  },
  {
    "name": "Probiotic Granola Manuka Honey & Almond",
    "url": "https://www.coles.com.au/product/blue-frog-probiotic-granola-manuka-honey-&-almond-350g-4310848",
    "img": "https://productimages.coles.com.au/productimages/4/4310848.jpg",
    "price": 9.5,
    "quantity": 0.35,
    "unitPrice": 27.1
  },
  {
    "name": "Probiotic Raspberry And Vanilla Granola",
    "url": "https://www.coles.com.au/product/blue-frog-probiotic-raspberry-and-vanilla-granola-350g-4310859",
    "img": "https://productimages.coles.com.au/productimages/4/4310859.jpg",
    "price": 9.5,
    "quantity": 0.35,
    "unitPrice": 27.1
  },
  {
    "name": "Granola Pic'S Crunchy Peanut Butter",
    "url": "https://www.coles.com.au/product/blue-frog-granola-pic's-crunchy-peanut-butter-350g-7062811",
    "img": "https://productimages.coles.com.au/productimages/7/7062811.jpg",
    "price": 9.5,
    "quantity": 0.35,
    "unitPrice": 27.1
  },
  {
    "name": "Probiotic Granola Manuka Honey & Almond",
    "url": "https://www.coles.com.au/product/blue-frog-probiotic-granola-manuka-honey-&-almond-350g-4310848",
    "img": "https://productimages.coles.com.au/productimages/4/4310848.jpg",
    "price": 9.5,
    "quantity": 0.35,
    "unitPrice": 27.1
  },
  {
    "name": "Probiotic Raspberry And Vanilla Granola",
    "url": "https://www.coles.com.au/product/blue-frog-probiotic-raspberry-and-vanilla-granola-350g-4310859",
    "img": "https://productimages.coles.com.au/productimages/4/4310859.jpg",
    "price": 9.5,
    "quantity": 0.35,
    "unitPrice": 27.1
  },
  {
    "name": "Granola Pic'S Crunchy Peanut Butter",
    "url": "https://www.coles.com.au/product/blue-frog-granola-pic's-crunchy-peanut-butter-350g-7062811",
    "img": "https://productimages.coles.com.au/productimages/7/7062811.jpg",
    "price": 9.5,
    "quantity": 0.35,
    "unitPrice": 27.1
  },
  {
    "name": "Pauls Custard Pouch Bluey Vanilla Custard",
    "url": "https://www.woolworths.com.au/shop/productdetails/751972",
    "img": "https://cdn0.woolworths.media/content/wowproductimages/medium/751972.jpg",
    "price": 1.9,
    "quantity": 0.07,
    "unitPrice": 27.1
  },
  {
    "name": "Pauls Custard Pouch Bluey Chocolate Custard",
    "url": "https://www.woolworths.com.au/shop/productdetails/751963",
    "img": "https://cdn0.woolworths.media/content/wowproductimages/medium/751963.jpg",
    "price": 1.9,
    "quantity": 0.07,
    "unitPrice": 27.1
  },
  {
    "name": "Pauls Custard Pouch Bluey Strawberry Strawberry",
    "url": "https://www.woolworths.com.au/shop/productdetails/548220",
    "img": "https://cdn0.woolworths.media/content/wowproductimages/medium/548220.jpg",
    "price": 1.9,
    "quantity": 0.07,
    "unitPrice": 27.1
  },
  {
    "name": "Pauls Banana Custard Banana",
    "url": "https://www.woolworths.com.au/shop/productdetails/547996",
    "img": "https://cdn0.woolworths.media/content/wowproductimages/medium/547996.jpg",
    "price": 1.9,
    "quantity": 0.07,
    "unitPrice": 27.1
  },
  {
    "name": "Gloriously Free Gf Rolled Quick Oats 450g",
    "url": "https://www.woolworths.com.au/shop/productdetails/1073777070",
    "img": "https://cdn0.woolworths.media/content/wowproductimages/medium/1073777070.jpg",
    "price": 13.55,
    "quantity": 0.5,
    "unitPrice": 27.1
  },
  {
    "name": "Beerenberg Pumpkin & Chickpea Curry",
    "url": "https://www.woolworths.com.au/shop/productdetails/225455",
    "img": "https://cdn0.woolworths.media/content/wowproductimages/medium/225455.jpg",
    "price": 6.5,
    "quantity": 0.24,
    "unitPrice": 27.1
  },
  {
    "name": "Beerenberg One Pot Mexican",
    "url": "https://www.woolworths.com.au/shop/productdetails/89783",
    "img": "https://cdn0.woolworths.media/content/wowproductimages/medium/089783.jpg",
    "price": 6.5,
    "quantity": 0.24,
    "unitPrice": 27.1
  },
  {
    "name": "Beerenberg Chicken Chorizo Paella",
    "url": "https://www.woolworths.com.au/shop/productdetails/225069",
    "img": "https://cdn0.woolworths.media/content/wowproductimages/medium/225069.jpg",
    "price": 6.5,
    "quantity": 0.24,
    "unitPrice": 27.1
  },
  {
    "name": "Beerenberg Malaysian Kapitan Curry",
    "url": "https://www.woolworths.com.au/shop/productdetails/89074",
    "img": "https://cdn0.woolworths.media/content/wowproductimages/medium/089074.jpg",
    "price": 6.5,
    "quantity": 0.24,
    "unitPrice": 27.1
  },
  {
    "name": "Garlic Kiev",
    "url": "https://www.coles.com.au/product/steggles-garlic-kiev-350g-3902310",
    "img": "https://productimages.coles.com.au/productimages/3/3902310.jpg",
    "price": 9.5,
    "quantity": 0.35,
    "unitPrice": 27.14
  },
  {
    "name": "Primo Bacon Lean Shortcut",
    "url": "https://www.woolworths.com.au/shop/productdetails/202497",
    "img": "https://cdn0.woolworths.media/content/wowproductimages/medium/202497.jpg",
    "price": 9.5,
    "quantity": 0.35,
    "unitPrice": 27.14
  },
  {
    "name": "Rindless Middle Bacon",
    "url": "https://www.coles.com.au/product/primo-rindless-middle-bacon-250g-4259897",
    "img": "https://productimages.coles.com.au/productimages/4/4259897.jpg",
    "price": 6.8,
    "quantity": 0.25,
    "unitPrice": 27.2
  },
  {
    "name": "Raspberry Cheesecake 2 Pack",
    "url": "https://www.coles.com.au/product/the-sweetporium-co.-raspberry-cheesecake-2-pack-180g-4471461",
    "img": "https://productimages.coles.com.au/productimages/4/4471461.jpg",
    "price": 4.9,
    "quantity": 0.18,
    "unitPrice": 27.2
  },
  {
    "name": "Rindless Middle Bacon",
    "url": "https://www.coles.com.au/product/primo-rindless-middle-bacon-250g-4259897",
    "img": "https://productimages.coles.com.au/productimages/4/4259897.jpg",
    "price": 6.8,
    "quantity": 0.25,
    "unitPrice": 27.2
  },
  {
    "name": "Raspberry Cheesecake 2 Pack",
    "url": "https://www.coles.com.au/product/the-sweetporium-co.-raspberry-cheesecake-2-pack-180g-4471461",
    "img": "https://productimages.coles.com.au/productimages/4/4471461.jpg",
    "price": 4.9,
    "quantity": 0.18,
    "unitPrice": 27.2
  },
  {
    "name": "Rindless Middle Bacon",
    "url": "https://www.coles.com.au/product/primo-rindless-middle-bacon-250g-4259897",
    "img": "https://productimages.coles.com.au/productimages/4/4259897.jpg",
    "price": 6.8,
    "quantity": 0.25,
    "unitPrice": 27.2
  },
  {
    "name": "Mazzetti Vinegar Balsamic Vintage 4 Leaf",
    "url": "https://www.woolworths.com.au/shop/productdetails/224075",
    "img": "https://cdn0.woolworths.media/content/wowproductimages/medium/224075.jpg",
    "price": 6.8,
    "quantity": 0.25,
    "unitPrice": 27.2
  },
  {
    "name": "Tipiak Mediterranean Grains Garlic Cous Cous",
    "url": "https://www.woolworths.com.au/shop/productdetails/322452",
    "img": "https://cdn0.woolworths.media/content/wowproductimages/medium/322452.jpg",
    "price": 3.95,
    "quantity": 0.145,
    "unitPrice": 27.2
  },
  {
    "name": "Tipiak Mediterranean Grains Turmeric & Herbs",
    "url": "https://www.woolworths.com.au/shop/productdetails/320999",
    "img": "https://cdn0.woolworths.media/content/wowproductimages/medium/320999.jpg",
    "price": 3.95,
    "quantity": 0.145,
    "unitPrice": 27.2
  },
  {
    "name": "Nando's Medium Peri-peri Chilli Sauce Peri Peri Sauce",
    "url": "https://www.woolworths.com.au/shop/productdetails/473749",
    "img": "https://cdn0.woolworths.media/content/wowproductimages/medium/473749.jpg",
    "price": 6.8,
    "quantity": 0.25,
    "unitPrice": 27.2
  },
  {
    "name": "Nando's Mild Peri-peri Chilli Sauce Sauce",
    "url": "https://www.woolworths.com.au/shop/productdetails/844408",
    "img": "https://cdn0.woolworths.media/content/wowproductimages/medium/844408.jpg",
    "price": 6.8,
    "quantity": 0.25,
    "unitPrice": 27.2
  },
  {
    "name": "Nando's Hot Peri-peri Chilli Sauce Peri Peri Sauce",
    "url": "https://www.woolworths.com.au/shop/productdetails/717857",
    "img": "https://cdn0.woolworths.media/content/wowproductimages/medium/717857.jpg",
    "price": 6.8,
    "quantity": 0.25,
    "unitPrice": 27.2
  },
  {
    "name": "Nando's Garlic Medium Peri-peri Chilli Sauce",
    "url": "https://www.woolworths.com.au/shop/productdetails/166920",
    "img": "https://cdn0.woolworths.media/content/wowproductimages/medium/166920.jpg",
    "price": 6.8,
    "quantity": 0.25,
    "unitPrice": 27.2
  },
  {
    "name": "Nando's Extra Bloody Hot Peri-peri Chilli Sauce",
    "url": "https://www.woolworths.com.au/shop/productdetails/122172",
    "img": "https://cdn0.woolworths.media/content/wowproductimages/medium/122172.jpg",
    "price": 6.8,
    "quantity": 0.25,
    "unitPrice": 27.2
  },
  {
    "name": "Mckenzie's Cream Of Tartar",
    "url": "https://www.woolworths.com.au/shop/productdetails/277315",
    "img": "https://cdn0.woolworths.media/content/wowproductimages/medium/277315.jpg",
    "price": 8.15,
    "quantity": 0.3,
    "unitPrice": 27.2
  },
  {
    "name": "Bocconcini Bambini Cheese",
    "url": "https://www.coles.com.au/product/la-casa-del-formaggio-bocconcini-bambini-cheese-220g-4537253",
    "img": "https://productimages.coles.com.au/productimages/4/4537253.jpg",
    "price": 6,
    "quantity": 0.22,
    "unitPrice": 27.27
  },
  {
    "name": "Cherry Bocconcini Cheese",
    "url": "https://www.coles.com.au/product/la-casa-del-formaggio-cherry-bocconcini-cheese-220g-8981415",
    "img": "https://productimages.coles.com.au/productimages/8/8981415.jpg",
    "price": 6,
    "quantity": 0.22,
    "unitPrice": 27.27
  },
  {
    "name": "Spc Spaghetti Rich Tomato Rich Tomato Sauce",
    "url": "https://www.woolworths.com.au/shop/productdetails/247302",
    "img": "https://cdn0.woolworths.media/content/wowproductimages/medium/247302.jpg",
    "price": 6,
    "quantity": 0.22,
    "unitPrice": 27.27
  },
  {
    "name": "Classic Veggie Burger 2 pack",
    "url": "https://www.coles.com.au/product/yumis-classic-veggie-burger-2-pack-220g-5420310",
    "img": "https://productimages.coles.com.au/productimages/5/5420310.jpg",
    "price": 6,
    "quantity": 0.22,
    "unitPrice": 27.3
  },
  {
    "name": "Limited Edition Burger",
    "url": "https://www.coles.com.au/product/yumi's-limited-edition-burger-220g-5420455",
    "img": "https://productimages.coles.com.au/productimages/5/5420455.jpg",
    "price": 6,
    "quantity": 0.22,
    "unitPrice": 27.3
  },
  {
    "name": "Black Sesame Oil",
    "url": "https://www.coles.com.au/product/lee-kum-kee-black-sesame-oil-207ml-3632259",
    "img": "https://productimages.coles.com.au/productimages/3/3632259.jpg",
    "price": 5.65,
    "quantity": 0.207,
    "unitPrice": 27.3
  },
  {
    "name": "Frozen Chicken Fillet Burger ",
    "url": "https://www.coles.com.au/product/on-the-menu-frozen-chicken-fillet-burger--165g-6957090",
    "img": "https://productimages.coles.com.au/productimages/6/6957090.jpg",
    "price": 4.5,
    "quantity": 0.165,
    "unitPrice": 27.3
  },
  {
    "name": "Woolworths Pecans",
    "url": "https://www.woolworths.com.au/shop/productdetails/815872",
    "img": "https://cdn0.woolworths.media/content/wowproductimages/medium/default.png",
    "price": 4.1,
    "quantity": 0.15,
    "unitPrice": 27.33
  },
  {
    "name": "Pecans",
    "url": "https://www.coles.com.au/product/coles-pecans-150g-2749465",
    "img": "https://productimages.coles.com.au/productimages/2/2749465.jpg",
    "price": 4.1,
    "quantity": 0.15,
    "unitPrice": 27.34
  },
  {
    "name": "Brunswick Sardines In Olive Oil",
    "url": "https://www.woolworths.com.au/shop/productdetails/246335",
    "img": "https://cdn0.woolworths.media/content/wowproductimages/medium/246335.jpg",
    "price": 2.9,
    "quantity": 0.106,
    "unitPrice": 27.36
  },
  {
    "name": "Brunswick Sardines In Springwater No Added Salt",
    "url": "https://www.woolworths.com.au/shop/productdetails/24811",
    "img": "https://cdn0.woolworths.media/content/wowproductimages/medium/024811.jpg",
    "price": 2.9,
    "quantity": 0.106,
    "unitPrice": 27.36
  },
  {
    "name": "Brunswick Sardines Tomato Sauce",
    "url": "https://www.woolworths.com.au/shop/productdetails/38844",
    "img": "https://cdn0.woolworths.media/content/wowproductimages/medium/038844.jpg",
    "price": 2.9,
    "quantity": 0.106,
    "unitPrice": 27.36
  },
  {
    "name": "Salmon Tempters Chilli",
    "url": "https://www.coles.com.au/product/john-west-salmon-tempters-chilli-95g-4409446",
    "img": "https://productimages.coles.com.au/productimages/4/4409446.jpg",
    "price": 2.6,
    "quantity": 0.095,
    "unitPrice": 27.37
  },
  {
    "name": "Salmon Tempters Teriyaki",
    "url": "https://www.coles.com.au/product/john-west-salmon-tempters-teriyaki-95g-4409468",
    "img": "https://productimages.coles.com.au/productimages/4/4409468.jpg",
    "price": 2.6,
    "quantity": 0.095,
    "unitPrice": 27.37
  },
  {
    "name": "Salmon Tempters Lemon & Dill",
    "url": "https://www.coles.com.au/product/john-west-salmon-tempters-lemon-&-dill-95g-4409640",
    "img": "https://productimages.coles.com.au/productimages/4/4409640.jpg",
    "price": 2.6,
    "quantity": 0.095,
    "unitPrice": 27.37
  },
  {
    "name": "Salmon Tempters Lime- Chilli & Ginger",
    "url": "https://www.coles.com.au/product/john-west-salmon-tempters-lime--chilli-&-ginger-95g-4409661",
    "img": "https://productimages.coles.com.au/productimages/4/4409661.jpg",
    "price": 2.6,
    "quantity": 0.095,
    "unitPrice": 27.37
  },
  {
    "name": "Salmon Tempters Springwater",
    "url": "https://www.coles.com.au/product/john-west-salmon-tempters-springwater-95g-5558780",
    "img": "https://productimages.coles.com.au/productimages/5/5558780.jpg",
    "price": 2.6,
    "quantity": 0.095,
    "unitPrice": 27.37
  },
  {
    "name": "Salmon Tempters Smoked",
    "url": "https://www.coles.com.au/product/john-west-salmon-tempters-smoked-95g-7086558",
    "img": "https://productimages.coles.com.au/productimages/7/7086558.jpg",
    "price": 2.6,
    "quantity": 0.095,
    "unitPrice": 27.37
  },
  {
    "name": "Salmon Tempters Lemon Cracked Pepper",
    "url": "https://www.coles.com.au/product/john-west-salmon-tempters-lemon-cracked-pepper-95g-7086580",
    "img": "https://productimages.coles.com.au/productimages/7/7086580.jpg",
    "price": 2.6,
    "quantity": 0.095,
    "unitPrice": 27.37
  },
  {
    "name": "Salmon Tempters Olive Oil",
    "url": "https://www.coles.com.au/product/john-west-salmon-tempters-olive-oil-95g-9629348",
    "img": "https://productimages.coles.com.au/productimages/9/9629348.jpg",
    "price": 2.6,
    "quantity": 0.095,
    "unitPrice": 27.37
  },
  {
    "name": "Salmon Tempters Onion Tomato",
    "url": "https://www.coles.com.au/product/john-west-salmon-tempters-onion-tomato-95g-9658776",
    "img": "https://productimages.coles.com.au/productimages/9/9658776.jpg",
    "price": 2.6,
    "quantity": 0.095,
    "unitPrice": 27.37
  },
  {
    "name": "Greenseas Tuna Tomato & Onion Tomato & Onion",
    "url": "https://www.woolworths.com.au/shop/productdetails/7648",
    "img": "https://cdn0.woolworths.media/content/wowproductimages/medium/007648.jpg",
    "price": 2.6,
    "quantity": 0.095,
    "unitPrice": 27.37
  },
  {
    "name": "Greenseas Tuna Chunks In Springwater Chunk In Spring Water",
    "url": "https://www.woolworths.com.au/shop/productdetails/37250",
    "img": "https://cdn0.woolworths.media/content/wowproductimages/medium/037250.jpg",
    "price": 2.6,
    "quantity": 0.095,
    "unitPrice": 27.37
  },
  {
    "name": "Greenseas Tuna In Extra Virgin Olive Oil Blend",
    "url": "https://www.woolworths.com.au/shop/productdetails/21568",
    "img": "https://cdn0.woolworths.media/content/wowproductimages/medium/021568.jpg",
    "price": 2.6,
    "quantity": 0.095,
    "unitPrice": 27.37
  },
  {
    "name": "Greenseas Tuna Sweet Chilli Sweet Chilli",
    "url": "https://www.woolworths.com.au/shop/productdetails/85719",
    "img": "https://cdn0.woolworths.media/content/wowproductimages/medium/085719.jpg",
    "price": 2.6,
    "quantity": 0.095,
    "unitPrice": 27.37
  },
  {
    "name": "Greenseas Tuna Lemon Pepper Lemon Pepper",
    "url": "https://www.woolworths.com.au/shop/productdetails/7733",
    "img": "https://cdn0.woolworths.media/content/wowproductimages/medium/007733.jpg",
    "price": 2.6,
    "quantity": 0.095,
    "unitPrice": 27.37
  },
  {
    "name": "Greenseas Sandwich Tuna Flakes Sandwich Flakes",
    "url": "https://www.woolworths.com.au/shop/productdetails/21569",
    "img": "https://cdn0.woolworths.media/content/wowproductimages/medium/021569.jpg",
    "price": 2.6,
    "quantity": 0.095,
    "unitPrice": 27.37
  },
  {
    "name": "Greenseas Tuna Smoke Flavour Natural Smoked Flavour",
    "url": "https://www.woolworths.com.au/shop/productdetails/7707",
    "img": "https://cdn0.woolworths.media/content/wowproductimages/medium/007707.jpg",
    "price": 2.6,
    "quantity": 0.095,
    "unitPrice": 27.37
  },
  {
    "name": "Fueld Honey Soy Chicken Noodles",
    "url": "https://www.coles.com.au/product/youfoodz-fueld-honey-soy-chicken-noodles-436g-6261222",
    "img": "https://productimages.coles.com.au/productimages/6/6261222.jpg",
    "price": 11.95,
    "quantity": 0.436,
    "unitPrice": 27.4
  },
  {
    "name": "Teriyaki Udon Original Bowl",
    "url": "https://www.coles.com.au/product/wang-teriyaki-udon-original-bowl-219g-6146916",
    "img": "https://productimages.coles.com.au/productimages/6/6146916.jpg",
    "price": 6,
    "quantity": 0.219,
    "unitPrice": 27.4
  },
  {
    "name": "Frozen Chicken Roll Roast ",
    "url": "https://www.coles.com.au/product/on-the-menu-frozen-chicken-roll-roast--179g-6957191",
    "img": "https://productimages.coles.com.au/productimages/6/6957191.jpg",
    "price": 4.9,
    "quantity": 0.179,
    "unitPrice": 27.4
  },
  {
    "name": "Roasted & Salted Pistachios",
    "url": "https://www.coles.com.au/product/coles-roasted-&-salted-pistachios-400g-2131611",
    "img": "https://productimages.coles.com.au/productimages/2/2131611.jpg",
    "price": 11,
    "quantity": 0.4,
    "unitPrice": 27.5
  },
  {
    "name": "Organic Kale With Vegetables",
    "url": "https://www.coles.com.au/product/coles-organic-kale-with-vegetables-200g-3014453",
    "img": "https://productimages.coles.com.au/productimages/3/3014453.jpg",
    "price": 5.5,
    "quantity": 0.2,
    "unitPrice": 27.5
  },
  {
    "name": "Kitchen Green Goddess Veggie Pot",
    "url": "https://www.coles.com.au/product/coles-kitchen-green-goddess-veggie-pot-200g-4462562",
    "img": "https://productimages.coles.com.au/productimages/4/4462562.jpg",
    "price": 5.5,
    "quantity": 0.2,
    "unitPrice": 27.5
  },
  {
    "name": "Organic Baby Cucumbers",
    "url": "https://www.coles.com.au/product/coles-organic-baby-cucumbers-200g-5088494",
    "img": "https://productimages.coles.com.au/productimages/5/5088494.jpg",
    "price": 5.5,
    "quantity": 0.2,
    "unitPrice": 27.5
  },
  {
    "name": "Kitchen Bacon Cobb Salad Bowl",
    "url": "https://www.coles.com.au/product/coles-kitchen-bacon-cobb-salad-bowl-200g-6062940",
    "img": "https://productimages.coles.com.au/productimages/6/6062940.jpg",
    "price": 5.5,
    "quantity": 0.2,
    "unitPrice": 27.5
  },
  {
    "name": "Honey & Pistachio Cream Cheese",
    "url": "https://www.coles.com.au/product/moondarra-honey-&-pistachio-cream-cheese-120g-3029767",
    "img": "https://productimages.coles.com.au/productimages/3/3029767.jpg",
    "price": 3.3,
    "quantity": 0.12,
    "unitPrice": 27.5
  },
  {
    "name": "Cheese Honey Fig & Macadamia",
    "url": "https://www.coles.com.au/product/moondarra-cheese-honey-fig-&-macadamia-120g-5437968",
    "img": "https://productimages.coles.com.au/productimages/5/5437968.jpg",
    "price": 3.3,
    "quantity": 0.12,
    "unitPrice": 27.5
  },
  {
    "name": "Cheese Herb & Capsicum",
    "url": "https://www.coles.com.au/product/moondarra-cheese-herb-&-capsicum-120g-5438100",
    "img": "https://productimages.coles.com.au/productimages/5/5438100.jpg",
    "price": 3.3,
    "quantity": 0.12,
    "unitPrice": 27.5
  },
  {
    "name": "Cookies & Cream Mix-Ins",
    "url": "https://www.coles.com.au/product/gippsland-dairy-cookies-&-cream-mix-ins-140g-5309662",
    "img": "https://productimages.coles.com.au/productimages/5/5309662.jpg",
    "price": 3.85,
    "quantity": 0.14,
    "unitPrice": 27.5
  },
  {
    "name": "Strawberry Waffle Mix-Ins",
    "url": "https://www.coles.com.au/product/gippsland-dairy-strawberry-waffle-mix-ins-140g-5310253",
    "img": "https://productimages.coles.com.au/productimages/5/5310253.jpg",
    "price": 3.85,
    "quantity": 0.14,
    "unitPrice": 27.5
  },
  {
    "name": "Choc Fudge Honeycomb Mix-Ins",
    "url": "https://www.coles.com.au/product/gippsland-dairy-choc-fudge-honeycomb-mix-ins-140g-5316464",
    "img": "https://productimages.coles.com.au/productimages/5/5316464.jpg",
    "price": 3.85,
    "quantity": 0.14,
    "unitPrice": 27.5
  },
  {
    "name": "Ash Brie",
    "url": "https://www.coles.com.au/product/coles-ash-brie-200g-3276970",
    "img": "https://productimages.coles.com.au/productimages/3/3276970.jpg",
    "price": 5.5,
    "quantity": 0.2,
    "unitPrice": 27.5
  },
  {
    "name": "Streaky Bacon",
    "url": "https://www.coles.com.au/product/thomson's-deli-streaky-bacon-200g-3930450",
    "img": "https://productimages.coles.com.au/productimages/3/3930450.jpg",
    "price": 5.5,
    "quantity": 0.2,
    "unitPrice": 27.5
  },
  {
    "name": "Green Falafel",
    "url": "https://www.coles.com.au/product/yumis-green-falafel-200g-6769170",
    "img": "https://productimages.coles.com.au/productimages/6/6769170.jpg",
    "price": 5.5,
    "quantity": 0.2,
    "unitPrice": 27.5
  },
  {
    "name": "Fetta Smooth Less Than 5g Fat",
    "url": "https://www.coles.com.au/product/lemnos-fetta-smooth-less-than-5g-fat-200g-6823355",
    "img": "https://productimages.coles.com.au/productimages/6/6823355.jpg",
    "price": 5.5,
    "quantity": 0.2,
    "unitPrice": 27.5
  },
  {
    "name": "Smooth Fetta",
    "url": "https://www.coles.com.au/product/lemnos-smooth-fetta-200g-9728565",
    "img": "https://productimages.coles.com.au/productimages/9/9728565.jpg",
    "price": 5.5,
    "quantity": 0.2,
    "unitPrice": 27.5
  },
  {
    "name": "Flourless Orange Slice 2 Pack",
    "url": "https://www.coles.com.au/product/coles-flourless-orange-slice-2-pack-200g-3765285",
    "img": "https://productimages.coles.com.au/productimages/3/3765285.jpg",
    "price": 5.5,
    "quantity": 0.2,
    "unitPrice": 27.5
  },
  {
    "name": "Streaky Bacon",
    "url": "https://www.coles.com.au/product/thomson's-deli-streaky-bacon-200g-3930450",
    "img": "https://productimages.coles.com.au/productimages/3/3930450.jpg",
    "price": 5.5,
    "quantity": 0.2,
    "unitPrice": 27.5
  },
  {
    "name": "Skinless & Boneless Salmon Olive Oil",
    "url": "https://www.coles.com.au/product/john-west-skinless-&-boneless-salmon-olive-oil-200g-5454650",
    "img": "https://productimages.coles.com.au/productimages/5/5454650.jpg",
    "price": 5.5,
    "quantity": 0.2,
    "unitPrice": 27.5
  },
  {
    "name": "Salmon Skinless & Boneless Springwater",
    "url": "https://www.coles.com.au/product/john-west-salmon-skinless-&-boneless-springwater-200g-5454785",
    "img": "https://productimages.coles.com.au/productimages/5/5454785.jpg",
    "price": 5.5,
    "quantity": 0.2,
    "unitPrice": 27.5
  },
  {
    "name": "Dry Roasted Edamame With Sea Salt",
    "url": "https://www.coles.com.au/product/hapi-dry-roasted-edamame-with-sea-salt-100g-3743544",
    "img": "https://productimages.coles.com.au/productimages/3/3743544.jpg",
    "price": 2.75,
    "quantity": 0.1,
    "unitPrice": 27.5
  },
  {
    "name": "Organic Glass Noodles",
    "url": "https://www.coles.com.au/product/the-han-kitchen-organic-glass-noodles-120g-5435317",
    "img": "https://productimages.coles.com.au/productimages/5/5435317.jpg",
    "price": 3.3,
    "quantity": 0.12,
    "unitPrice": 27.5
  },
  {
    "name": "Masala Chai Tea Bags",
    "url": "https://www.coles.com.au/product/wagh-bakri-masala-chai-tea-bags-200g-4700547",
    "img": "https://productimages.coles.com.au/productimages/4/4700547.jpg",
    "price": 5.5,
    "quantity": 0.2,
    "unitPrice": 27.5
  },
  {
    "name": "Tasty White Miso Paste",
    "url": "https://www.coles.com.au/product/miso-tasty-white-miso-paste-200g-5016325",
    "img": "https://productimages.coles.com.au/productimages/5/5016325.jpg",
    "price": 5.5,
    "quantity": 0.2,
    "unitPrice": 27.5
  },
  {
    "name": "Tasty Miso Paste Red",
    "url": "https://www.coles.com.au/product/miso-tasty-miso-paste-red-200g-5016336",
    "img": "https://productimages.coles.com.au/productimages/5/5016336.jpg",
    "price": 5.5,
    "quantity": 0.2,
    "unitPrice": 27.5
  },
  {
    "name": "Apple Cider Vinegar Organic",
    "url": "https://www.coles.com.au/product/bragg-apple-cider-vinegar-organic-473ml-2901446",
    "img": "https://productimages.coles.com.au/productimages/2/2901446.jpg",
    "price": 13,
    "quantity": 0.473,
    "unitPrice": 27.5
  },
  {
    "name": "Gravy Granules Chicken",
    "url": "https://www.coles.com.au/product/greens-gravy-granules-chicken-120g-7303190",
    "img": "https://productimages.coles.com.au/productimages/7/7303190.jpg",
    "price": 3.3,
    "quantity": 0.12,
    "unitPrice": 27.5
  },
  {
    "name": "Lamb & Spinach Pide Bites",
    "url": "https://www.coles.com.au/product/coles-lamb-&-spinach-pide-bites-200g-6542980",
    "img": "https://productimages.coles.com.au/productimages/6/6542980.jpg",
    "price": 5.5,
    "quantity": 0.2,
    "unitPrice": 27.5
  },
  {
    "name": "Carbonara Pasta Bites",
    "url": "https://www.coles.com.au/product/coles-carbonara-pasta-bites-200g-6543574",
    "img": "https://productimages.coles.com.au/productimages/6/6543574.jpg",
    "price": 5.5,
    "quantity": 0.2,
    "unitPrice": 27.5
  },
  {
    "name": "Frozen Slow Cooked Peking Duck Legs",
    "url": "https://www.coles.com.au/product/luv-a-duck-frozen-slow-cooked-peking-duck-legs-400g-2256821",
    "img": "https://productimages.coles.com.au/productimages/2/2256821.jpg",
    "price": 11,
    "quantity": 0.4,
    "unitPrice": 27.5
  },
  {
    "name": "John West Wild Caught Salmon In Springwater",
    "url": "https://www.woolworths.com.au/shop/productdetails/235515",
    "img": "https://cdn0.woolworths.media/content/wowproductimages/medium/235515.jpg",
    "price": 5.5,
    "quantity": 0.2,
    "unitPrice": 27.5
  },
  {
    "name": "John West Wild Caught Salmon In Olive Oil Blend",
    "url": "https://www.woolworths.com.au/shop/productdetails/235754",
    "img": "https://cdn0.woolworths.media/content/wowproductimages/medium/235754.jpg",
    "price": 5.5,
    "quantity": 0.2,
    "unitPrice": 27.5
  },
  {
    "name": "Birch & Waite Creamy Pesto Sauce",
    "url": "https://www.woolworths.com.au/shop/productdetails/215012",
    "img": "https://cdn0.woolworths.media/content/wowproductimages/medium/215012.jpg",
    "price": 5.5,
    "quantity": 0.2,
    "unitPrice": 27.5
  },
  {
    "name": "Birch & Waite Sichuan Style Stir Fry Sauce",
    "url": "https://www.woolworths.com.au/shop/productdetails/239030",
    "img": "https://cdn0.woolworths.media/content/wowproductimages/medium/239030.jpg",
    "price": 5.5,
    "quantity": 0.2,
    "unitPrice": 27.5
  },
  {
    "name": "Birch & Waite Pad Thai Stir Fry Sauce",
    "url": "https://www.woolworths.com.au/shop/productdetails/239543",
    "img": "https://cdn0.woolworths.media/content/wowproductimages/medium/239543.jpg",
    "price": 5.5,
    "quantity": 0.2,
    "unitPrice": 27.5
  },
  {
    "name": "Birch & Waite Cacio E Pepe Style Pasta Sauce",
    "url": "https://www.woolworths.com.au/shop/productdetails/355530",
    "img": "https://cdn0.woolworths.media/content/wowproductimages/medium/355530.jpg",
    "price": 5.5,
    "quantity": 0.2,
    "unitPrice": 27.5
  },
  {
    "name": "Driscoll's Blueberry Punnet",
    "url": "https://www.woolworths.com.au/shop/productdetails/662480",
    "img": "https://cdn0.woolworths.media/content/wowproductimages/medium/662480.jpg",
    "price": 5.5,
    "quantity": 0.2,
    "unitPrice": 27.5
  },
  {
    "name": "Woolworths Swiss Brown Mushrooms Punnet",
    "url": "https://www.woolworths.com.au/shop/productdetails/149930",
    "img": "https://cdn0.woolworths.media/content/wowproductimages/medium/149930.jpg",
    "price": 5.5,
    "quantity": 0.2,
    "unitPrice": 27.5
  },
  {
    "name": "Moira Mac's Oven Roasted Chicken Breast Shredded From The Deli",
    "url": "https://www.woolworths.com.au/shop/productdetails/785788",
    "img": "https://cdn0.woolworths.media/content/wowproductimages/medium/785788.jpg",
    "price": 27.5,
    "quantity": 1,
    "unitPrice": 27.5
  },
  {
    "name": "Moira Mac's Marinated Bbq Chicken Breast Sliced",
    "url": "https://www.woolworths.com.au/shop/productdetails/11303",
    "img": "https://cdn0.woolworths.media/content/wowproductimages/medium/011303.jpg",
    "price": 27.5,
    "quantity": 1,
    "unitPrice": 27.5
  },
  {
    "name": "Bertocchi Gold Long Rindless Bacon",
    "url": "https://www.woolworths.com.au/shop/productdetails/476944",
    "img": "https://cdn0.woolworths.media/content/wowproductimages/medium/476944.jpg",
    "price": 11,
    "quantity": 0.4,
    "unitPrice": 27.5
  },
  {
    "name": "Macro Organic Lean Beef Mince",
    "url": "https://www.woolworths.com.au/shop/productdetails/672975",
    "img": "https://cdn0.woolworths.media/content/wowproductimages/medium/672975.jpg",
    "price": 13.75,
    "quantity": 0.5,
    "unitPrice": 27.5
  },
  {
    "name": "Bertocchi Gold Short Rindless Bacon",
    "url": "https://www.woolworths.com.au/shop/productdetails/476948",
    "img": "https://cdn0.woolworths.media/content/wowproductimages/medium/476948.jpg",
    "price": 11,
    "quantity": 0.4,
    "unitPrice": 27.5
  },
  {
    "name": "Macro Organic Classic Beef Meatballs",
    "url": "https://www.woolworths.com.au/shop/productdetails/133858",
    "img": "https://cdn0.woolworths.media/content/wowproductimages/medium/133858.jpg",
    "price": 11,
    "quantity": 0.4,
    "unitPrice": 27.5
  },
  {
    "name": "Kellogg's Froot Loops Cinnamon Donut Flavour",
    "url": "https://www.woolworths.com.au/shop/productdetails/274873",
    "img": "https://cdn0.woolworths.media/content/wowproductimages/medium/274873.jpg",
    "price": 7,
    "quantity": 0.255,
    "unitPrice": 27.5
  },
  {
    "name": "Birch & Waite Sichuan Style Stir Fry Sauce",
    "url": "https://www.woolworths.com.au/shop/productdetails/239030",
    "img": "https://cdn0.woolworths.media/content/wowproductimages/medium/239030.jpg",
    "price": 5.5,
    "quantity": 0.2,
    "unitPrice": 27.5
  },
  {
    "name": "Birch & Waite Pad Thai Stir Fry Sauce",
    "url": "https://www.woolworths.com.au/shop/productdetails/239543",
    "img": "https://cdn0.woolworths.media/content/wowproductimages/medium/239543.jpg",
    "price": 5.5,
    "quantity": 0.2,
    "unitPrice": 27.5
  },
  {
    "name": "Urban Food Co Pigs in Blankets",
    "url": "https://www.aldi.com.au/en/groceries/super-savers/super-savers-detail/ps/p/urban-food-co-pigs-in-blankets-original-290g/",
    "img": "https://www.aldi.com.au/fileadmin/_processed_/4/f/csm_4223_SSV_MEAT_1x1_1_RET_9c41779397.png",
    "price": 7.99,
    "quantity": 0.29,
    "unitPrice": 27.55
  },
  {
    "name": "Garlic Oil",
    "url": "https://www.coles.com.au/product/cobram-garlic-oil-250ml-3823938",
    "img": "https://productimages.coles.com.au/productimages/3/3823938.jpg",
    "price": 6.9,
    "quantity": 0.25,
    "unitPrice": 27.6
  },
  {
    "name": "Garlic And Onion Infused Oil",
    "url": "https://www.coles.com.au/product/cobram-garlic-and-onion-infused-oil-250ml-4689932",
    "img": "https://productimages.coles.com.au/productimages/4/4689932.jpg",
    "price": 6.9,
    "quantity": 0.25,
    "unitPrice": 27.6
  },
  {
    "name": "Chilli Infused Oil",
    "url": "https://www.coles.com.au/product/cobram-chilli-infused-oil-250ml-4971817",
    "img": "https://productimages.coles.com.au/productimages/4/4971817.jpg",
    "price": 6.9,
    "quantity": 0.25,
    "unitPrice": 27.6
  },
  {
    "name": "Sliced Lamb",
    "url": "https://www.coles.com.au/product/poulings-sliced-lamb-290g-4320604",
    "img": "https://productimages.coles.com.au/productimages/4/4320604.jpg",
    "price": 8,
    "quantity": 0.29,
    "unitPrice": 27.6
  },
  {
    "name": "Sliced Lamb",
    "url": "https://www.coles.com.au/product/poulings-sliced-lamb-290g-4320604",
    "img": "https://productimages.coles.com.au/productimages/4/4320604.jpg",
    "price": 8,
    "quantity": 0.29,
    "unitPrice": 27.6
  },
  {
    "name": "Cobram Estate Extra Virgin Olive Oil Garlic Infused",
    "url": "https://www.woolworths.com.au/shop/productdetails/345959",
    "img": "https://cdn0.woolworths.media/content/wowproductimages/medium/345959.jpg",
    "price": 6.9,
    "quantity": 0.25,
    "unitPrice": 27.6
  },
  {
    "name": "Cobram Estate Garlic & Onion Infused Extra Virgin Olive Oil",
    "url": "https://www.woolworths.com.au/shop/productdetails/137502",
    "img": "https://cdn0.woolworths.media/content/wowproductimages/medium/137502.jpg",
    "price": 6.9,
    "quantity": 0.25,
    "unitPrice": 27.6
  },
  {
    "name": "Cobram Estate Extra Virgin Olive Oil Chilli Infused",
    "url": "https://www.woolworths.com.au/shop/productdetails/345958",
    "img": "https://cdn0.woolworths.media/content/wowproductimages/medium/345958.jpg",
    "price": 6.9,
    "quantity": 0.25,
    "unitPrice": 27.6
  },
  {
    "name": "Cobram Estate Garlic & Chilli Oil",
    "url": "https://www.woolworths.com.au/shop/productdetails/243862",
    "img": "https://cdn0.woolworths.media/content/wowproductimages/medium/243862.jpg",
    "price": 6.9,
    "quantity": 0.25,
    "unitPrice": 27.6
  },
  {
    "name": "Cobram Estate Extra Virgin Olive Oil Lemon Infused",
    "url": "https://www.woolworths.com.au/shop/productdetails/321599",
    "img": "https://cdn0.woolworths.media/content/wowproductimages/medium/321599.jpg",
    "price": 6.9,
    "quantity": 0.25,
    "unitPrice": 27.6
  },
  {
    "name": "Cobram Estate Garlic & Rosemary Infused Olive Oil",
    "url": "https://www.woolworths.com.au/shop/productdetails/199663",
    "img": "https://cdn0.woolworths.media/content/wowproductimages/medium/199663.jpg",
    "price": 6.9,
    "quantity": 0.25,
    "unitPrice": 27.6
  },
  {
    "name": "Cobram Estate Lemongrass & Ginger Extra Virgin Olive Oil",
    "url": "https://www.woolworths.com.au/shop/productdetails/242323",
    "img": "https://cdn0.woolworths.media/content/wowproductimages/medium/242323.jpg",
    "price": 6.9,
    "quantity": 0.25,
    "unitPrice": 27.6
  },
  {
    "name": "Cobram Estate Olive Oil Roasted Onion Infused",
    "url": "https://www.woolworths.com.au/shop/productdetails/929191",
    "img": "https://cdn0.woolworths.media/content/wowproductimages/medium/929191.jpg",
    "price": 6.9,
    "quantity": 0.25,
    "unitPrice": 27.6
  },
  {
    "name": "South Native Pumpkin Ricotta Ravioli",
    "url": "https://www.coles.com.au/product/25-degrees-south-native-pumpkin-ricotta-ravioli-325g-4274733",
    "img": "https://productimages.coles.com.au/productimages/4/4274733.jpg",
    "price": 9,
    "quantity": 0.325,
    "unitPrice": 27.7
  },
  {
    "name": "Victorian Three Cheese Ravioli",
    "url": "https://www.coles.com.au/product/25-degrees-south-victorian-three-cheese-ravioli-325g-4274744",
    "img": "https://productimages.coles.com.au/productimages/4/4274744.jpg",
    "price": 9,
    "quantity": 0.325,
    "unitPrice": 27.7
  },
  {
    "name": "Ravioli Baby Spinach & Fetta ",
    "url": "https://www.coles.com.au/product/25-degrees-south-ravioli-baby-spinach-&-fetta--325g-5152833",
    "img": "https://productimages.coles.com.au/productimages/5/5152833.jpg",
    "price": 9,
    "quantity": 0.325,
    "unitPrice": 27.7
  },
  {
    "name": "South Prosciutto & Ricotta Ravioli",
    "url": "https://www.coles.com.au/product/25-degrees-south-prosciutto-&-ricotta-ravioli-325g-6399591",
    "img": "https://productimages.coles.com.au/productimages/6/6399591.jpg",
    "price": 9,
    "quantity": 0.325,
    "unitPrice": 27.7
  },
  {
    "name": "Spinach Zucchini Feta & Pepita Wholemeal Quiche",
    "url": "https://www.coles.com.au/product/herbert-adams-spinach-zucchini-feta-&-pepita-wholemeal-quiche-650g-5582402",
    "img": "https://productimages.coles.com.au/productimages/5/5582402.jpg",
    "price": 18,
    "quantity": 0.65,
    "unitPrice": 27.7
  },
  {
    "name": "Fusian Instant Cup Noodles Hot & Spicy",
    "url": "https://www.coles.com.au/product/maggi-fusian-instant-cup-noodles-hot-&-spicy-65g-8097710",
    "img": "https://productimages.coles.com.au/productimages/8/8097710.jpg",
    "price": 1.8,
    "quantity": 0.065,
    "unitPrice": 27.7
  },
  {
    "name": "Burrito Bowl Kit",
    "url": "https://www.coles.com.au/product/old-el-paso-burrito-bowl-kit-240g-6341671",
    "img": "https://productimages.coles.com.au/productimages/6/6341671.jpg",
    "price": 6.65,
    "quantity": 0.24,
    "unitPrice": 27.7
  },
  {
    "name": "Premium Pears",
    "url": "https://www.coles.com.au/product/coles-premium-pears-180g-3571733",
    "img": "https://productimages.coles.com.au/productimages/3/3571733.jpg",
    "price": 5,
    "quantity": 0.18,
    "unitPrice": 27.78
  },
  {
    "name": "Sunbeam Yoghurt Coated Sultanas",
    "url": "https://www.woolworths.com.au/shop/productdetails/466062",
    "img": "https://cdn0.woolworths.media/content/wowproductimages/medium/466062.jpg",
    "price": 5,
    "quantity": 0.18,
    "unitPrice": 27.78
  },
  {
    "name": "Fueld Peri Peri Chicken With Spicy Mayo",
    "url": "https://www.coles.com.au/product/youfoodz-fueld-peri-peri-chicken-with-spicy-mayo-430g-4204840",
    "img": "https://productimages.coles.com.au/productimages/4/4204840.jpg",
    "price": 11.95,
    "quantity": 0.43,
    "unitPrice": 27.8
  },
  {
    "name": "Fueld Portuguese Chicken & Rice",
    "url": "https://www.coles.com.au/product/youfoodz-fueld-portuguese-chicken-&-rice-430g-4687325",
    "img": "https://productimages.coles.com.au/productimages/4/4687325.jpg",
    "price": 11.95,
    "quantity": 0.43,
    "unitPrice": 27.8
  },
  {
    "name": "Crepes Chocolate",
    "url": "https://www.coles.com.au/product/toscano-crepes-chocolate-180g-2902427",
    "img": "https://productimages.coles.com.au/productimages/2/2902427.jpg",
    "price": 5,
    "quantity": 0.18,
    "unitPrice": 27.8
  },
  {
    "name": "Vegetable Tart",
    "url": "https://www.coles.com.au/product/coles-vegetable-tart-180g-3866271",
    "img": "https://productimages.coles.com.au/productimages/3/3866271.jpg",
    "price": 5,
    "quantity": 0.18,
    "unitPrice": 27.8
  },
  {
    "name": "Quiche Lorraine",
    "url": "https://www.coles.com.au/product/coles-quiche-lorraine-180g-3866282",
    "img": "https://productimages.coles.com.au/productimages/3/3866282.jpg",
    "price": 5,
    "quantity": 0.18,
    "unitPrice": 27.8
  },
  {
    "name": "Baking White Chocolate Block",
    "url": "https://www.coles.com.au/product/cadbury-baking-white-chocolate-block-180g-2313685",
    "img": "https://productimages.coles.com.au/productimages/2/2313685.jpg",
    "price": 5,
    "quantity": 0.18,
    "unitPrice": 27.8
  },
  {
    "name": "Baking Dark Chocolate Block",
    "url": "https://www.coles.com.au/product/cadbury-baking-dark-chocolate-block-180g-2313696",
    "img": "https://productimages.coles.com.au/productimages/2/2313696.jpg",
    "price": 5,
    "quantity": 0.18,
    "unitPrice": 27.8
  },
  {
    "name": "Milk Chocolate Baking Block",
    "url": "https://www.coles.com.au/product/cadbury-milk-chocolate-baking-block-180g-2313700",
    "img": "https://productimages.coles.com.au/productimages/2/2313700.jpg",
    "price": 5,
    "quantity": 0.18,
    "unitPrice": 27.8
  },
  {
    "name": "Baking 70% Cocoa Dark Chocolate Block ",
    "url": "https://www.coles.com.au/product/cadbury-baking-70%-cocoa-dark-chocolate-block--180g-2516605",
    "img": "https://productimages.coles.com.au/productimages/2/2516605.jpg",
    "price": 5,
    "quantity": 0.18,
    "unitPrice": 27.8
  },
  {
    "name": "Milk Chocolate Baking Block",
    "url": "https://www.coles.com.au/product/cadbury-milk-chocolate-baking-block-180g-2313700",
    "img": "https://productimages.coles.com.au/productimages/2/2313700.jpg",
    "price": 5,
    "quantity": 0.18,
    "unitPrice": 27.8
  },
  {
    "name": "Baking 70% Cocoa Dark Chocolate Block ",
    "url": "https://www.coles.com.au/product/cadbury-baking-70%-cocoa-dark-chocolate-block--180g-2516605",
    "img": "https://productimages.coles.com.au/productimages/2/2516605.jpg",
    "price": 5,
    "quantity": 0.18,
    "unitPrice": 27.8
  },
  {
    "name": "Gluten Free Tortillas Fajita",
    "url": "https://www.coles.com.au/product/old-el-paso-gluten-free-tortillas-fajita-216g-3198695",
    "img": "https://productimages.coles.com.au/productimages/3/3198695.jpg",
    "price": 6,
    "quantity": 0.216,
    "unitPrice": 27.8
  },
  {
    "name": "Bare Bakers Choc Brownie",
    "url": "https://www.woolworths.com.au/shop/productdetails/852474",
    "img": "https://cdn0.woolworths.media/content/wowproductimages/medium/852474.jpg",
    "price": 7.5,
    "quantity": 0.27,
    "unitPrice": 27.8
  },
  {
    "name": "Bare Bakers Salted Caramel Choc Brownie",
    "url": "https://www.woolworths.com.au/shop/productdetails/852475",
    "img": "https://cdn0.woolworths.media/content/wowproductimages/medium/852475.jpg",
    "price": 7.5,
    "quantity": 0.27,
    "unitPrice": 27.8
  },
  {
    "name": "Cadbury Baking Milk Chocolate Block",
    "url": "https://www.woolworths.com.au/shop/productdetails/813865",
    "img": "https://cdn0.woolworths.media/content/wowproductimages/medium/813865.jpg",
    "price": 5,
    "quantity": 0.18,
    "unitPrice": 27.8
  },
  {
    "name": "Cadbury Baking Dark 70% Cocoa Chocolate Block",
    "url": "https://www.woolworths.com.au/shop/productdetails/813878",
    "img": "https://cdn0.woolworths.media/content/wowproductimages/medium/813878.jpg",
    "price": 5,
    "quantity": 0.18,
    "unitPrice": 27.8
  },
  {
    "name": "Cadbury Baking White Chocolate Block",
    "url": "https://www.woolworths.com.au/shop/productdetails/813880",
    "img": "https://cdn0.woolworths.media/content/wowproductimages/medium/813880.jpg",
    "price": 5,
    "quantity": 0.18,
    "unitPrice": 27.8
  },
  {
    "name": "Cadbury Baking Dark Chocolate Block",
    "url": "https://www.woolworths.com.au/shop/productdetails/813868",
    "img": "https://cdn0.woolworths.media/content/wowproductimages/medium/813868.jpg",
    "price": 5,
    "quantity": 0.18,
    "unitPrice": 27.8
  },
  {
    "name": "Nestle Plaistowe Dark Chocolate Baking Block",
    "url": "https://www.woolworths.com.au/shop/productdetails/227337",
    "img": "https://cdn0.woolworths.media/content/wowproductimages/medium/227337.jpg",
    "price": 5,
    "quantity": 0.18,
    "unitPrice": 27.8
  },
  {
    "name": "Nestle Plaistowe White Chocolate Baking Block",
    "url": "https://www.woolworths.com.au/shop/productdetails/188643",
    "img": "https://cdn0.woolworths.media/content/wowproductimages/medium/188643.jpg",
    "price": 5,
    "quantity": 0.18,
    "unitPrice": 27.8
  },
  {
    "name": "Nestle Plaistowe Milk Chocolate Baking Block",
    "url": "https://www.woolworths.com.au/shop/productdetails/227173",
    "img": "https://cdn0.woolworths.media/content/wowproductimages/medium/227173.jpg",
    "price": 5,
    "quantity": 0.18,
    "unitPrice": 27.8
  },
  {
    "name": "Nestle Plaistowe 70% Cocoa Baking Chocolate Block",
    "url": "https://www.woolworths.com.au/shop/productdetails/227127",
    "img": "https://cdn0.woolworths.media/content/wowproductimages/medium/227127.jpg",
    "price": 5,
    "quantity": 0.18,
    "unitPrice": 27.8
  },
  {
    "name": "Chicken Chow Mein Noodle Cup",
    "url": "https://www.coles.com.au/product/fantastic-chicken-chow-mein-noodle-cup-70g-5565888",
    "img": "https://productimages.coles.com.au/productimages/5/5565888.jpg",
    "price": 1.95,
    "quantity": 0.07,
    "unitPrice": 27.9
  },
  {
    "name": "Beef Noodle Cup",
    "url": "https://www.coles.com.au/product/fantastic-beef-noodle-cup-70g-5588792",
    "img": "https://productimages.coles.com.au/productimages/5/5588792.jpg",
    "price": 1.95,
    "quantity": 0.07,
    "unitPrice": 27.9
  },
  {
    "name": "Chicken Noodle Cup",
    "url": "https://www.coles.com.au/product/fantastic-chicken-noodle-cup-70g-5588840",
    "img": "https://productimages.coles.com.au/productimages/5/5588840.jpg",
    "price": 1.95,
    "quantity": 0.07,
    "unitPrice": 27.9
  },
  {
    "name": "Oriental Noodle Cup",
    "url": "https://www.coles.com.au/product/fantastic-oriental-noodle-cup-70g-6046730",
    "img": "https://productimages.coles.com.au/productimages/6/6046730.jpg",
    "price": 1.95,
    "quantity": 0.07,
    "unitPrice": 27.9
  },
  {
    "name": "Crispy Bacon Noodle Cup",
    "url": "https://www.coles.com.au/product/fantastic-crispy-bacon-noodle-cup-70g-6046740",
    "img": "https://productimages.coles.com.au/productimages/6/6046740.jpg",
    "price": 1.95,
    "quantity": 0.07,
    "unitPrice": 27.9
  },
  {
    "name": "Gluten Free Jumbo Tortillas Burrito 4 Pack",
    "url": "https://www.coles.com.au/product/old-el-paso-gluten-free-jumbo-tortillas-burrito-4-pack-215g-4322552",
    "img": "https://productimages.coles.com.au/productimages/4/4322552.jpg",
    "price": 6,
    "quantity": 0.215,
    "unitPrice": 27.9
  },
  {
    "name": "Caramel Milk Chocolate Wafers Biscuits 8 Pack",
    "url": "https://www.coles.com.au/product/tunnock's-caramel-milk-chocolate-wafers-biscuits-8-pack-240g-8946210",
    "img": "https://productimages.coles.com.au/productimages/8/8946210.jpg",
    "price": 6.7,
    "quantity": 0.24,
    "unitPrice": 27.9
  },
  {
    "name": "Australian Red Wine Finishing Sauce",
    "url": "https://www.coles.com.au/product/maggie-beer-australian-red-wine-finishing-sauce-170g-6339421",
    "img": "https://productimages.coles.com.au/productimages/6/6339421.jpg",
    "price": 4.75,
    "quantity": 0.17,
    "unitPrice": 27.9
  },
  {
    "name": "Beer Classic Peppercorn Finishing Sauce",
    "url": "https://www.coles.com.au/product/maggie-beer-classic-peppercorn-finishing-sauce-170g-6339432",
    "img": "https://productimages.coles.com.au/productimages/6/6339432.jpg",
    "price": 4.75,
    "quantity": 0.17,
    "unitPrice": 27.9
  },
  {
    "name": "Traditional Diane Finishing Sauce",
    "url": "https://www.coles.com.au/product/maggie-beer-traditional-diane-finishing-sauce-170g-6339454",
    "img": "https://productimages.coles.com.au/productimages/6/6339454.jpg",
    "price": 4.75,
    "quantity": 0.17,
    "unitPrice": 27.9
  },
  {
    "name": "Perform Katsu Chicken Curry",
    "url": "https://www.coles.com.au/product/coles-perform-katsu-chicken-curry-340g-6038276",
    "img": "https://productimages.coles.com.au/productimages/6/6038276.jpg",
    "price": 9.5,
    "quantity": 0.34,
    "unitPrice": 27.9
  },
  {
    "name": "Perform Sweet And Sour Chicken",
    "url": "https://www.coles.com.au/product/coles-perform-sweet-and-sour-chicken-340g-6630566",
    "img": "https://productimages.coles.com.au/productimages/6/6630566.jpg",
    "price": 9.5,
    "quantity": 0.34,
    "unitPrice": 27.9
  },
  {
    "name": "Perform Katsu Chicken Curry",
    "url": "https://www.coles.com.au/product/coles-perform-katsu-chicken-curry-340g-6038276",
    "img": "https://productimages.coles.com.au/productimages/6/6038276.jpg",
    "price": 9.5,
    "quantity": 0.34,
    "unitPrice": 27.9
  },
  {
    "name": "Perform Sweet And Sour Chicken",
    "url": "https://www.coles.com.au/product/coles-perform-sweet-and-sour-chicken-340g-6630566",
    "img": "https://productimages.coles.com.au/productimages/6/6630566.jpg",
    "price": 9.5,
    "quantity": 0.34,
    "unitPrice": 27.9
  },
  {
    "name": "Leggo's Pesto Traditional Basil",
    "url": "https://www.woolworths.com.au/shop/productdetails/94375",
    "img": "https://cdn0.woolworths.media/content/wowproductimages/medium/094375.jpg",
    "price": 5.3,
    "quantity": 0.19,
    "unitPrice": 27.9
  },
  {
    "name": "Leggo's Pesto Sundried Tomato",
    "url": "https://www.woolworths.com.au/shop/productdetails/94376",
    "img": "https://cdn0.woolworths.media/content/wowproductimages/medium/094376.jpg",
    "price": 5.3,
    "quantity": 0.19,
    "unitPrice": 27.9
  },
  {
    "name": "Virginian Leg Ham Sliced",
    "url": "https://www.coles.com.au/product/don-virginian-leg-ham-sliced-approx.-100g-3052929",
    "img": "https://productimages.coles.com.au/productimages/3/3052929.jpg",
    "price": 2.79,
    "quantity": 0.1,
    "unitPrice": 27.95
  },
  {
    "name": "Butter With Crushed Garlic",
    "url": "https://www.coles.com.au/product/lurpak-butter-with-crushed-garlic-125g-1730188",
    "img": "https://productimages.coles.com.au/productimages/1/1730188.jpg",
    "price": 3.5,
    "quantity": 0.125,
    "unitPrice": 28
  },
  {
    "name": "Roti Mini",
    "url": "https://www.coles.com.au/product/supreme-quality-foods-roti-mini-125g-9230270",
    "img": "https://productimages.coles.com.au/productimages/9/9230270.jpg",
    "price": 3.5,
    "quantity": 0.125,
    "unitPrice": 28
  },
  {
    "name": "Extra Tasty Cheese Block",
    "url": "https://www.coles.com.au/product/mainland-extra-tasty-cheese-block-250g-3274148",
    "img": "https://productimages.coles.com.au/productimages/3/3274148.jpg",
    "price": 7,
    "quantity": 0.25,
    "unitPrice": 28
  },
  {
    "name": "Organic Cheddar Slices",
    "url": "https://www.coles.com.au/product/the-organic-milk-co-organic-cheddar-slices-250g-4380865",
    "img": "https://productimages.coles.com.au/productimages/4/4380865.jpg",
    "price": 7,
    "quantity": 0.25,
    "unitPrice": 28
  },
  {
    "name": "Butter With Crushed Garlic",
    "url": "https://www.coles.com.au/product/lurpak-butter-with-crushed-garlic-125g-1730188",
    "img": "https://productimages.coles.com.au/productimages/1/1730188.jpg",
    "price": 3.5,
    "quantity": 0.125,
    "unitPrice": 28
  },
  {
    "name": "Roti Mini",
    "url": "https://www.coles.com.au/product/supreme-quality-foods-roti-mini-125g-9230270",
    "img": "https://productimages.coles.com.au/productimages/9/9230270.jpg",
    "price": 3.5,
    "quantity": 0.125,
    "unitPrice": 28
  },
  {
    "name": "Extra Tasty Cheese Block",
    "url": "https://www.coles.com.au/product/mainland-extra-tasty-cheese-block-250g-3274148",
    "img": "https://productimages.coles.com.au/productimages/3/3274148.jpg",
    "price": 7,
    "quantity": 0.25,
    "unitPrice": 28
  },
  {
    "name": "Organic Cheddar Slices",
    "url": "https://www.coles.com.au/product/the-organic-milk-co-organic-cheddar-slices-250g-4380865",
    "img": "https://productimages.coles.com.au/productimages/4/4380865.jpg",
    "price": 7,
    "quantity": 0.25,
    "unitPrice": 28
  },
  {
    "name": "Thawed Raw Peeled Prawn Meat",
    "url": "https://www.coles.com.au/product/coles-deli-thawed-raw-peeled-prawn-meat-approx.-250g-3944524",
    "img": "https://productimages.coles.com.au/productimages/3/3944524.jpg",
    "price": 7,
    "quantity": 0.25,
    "unitPrice": 28
  },
  {
    "name": "Thawed Raw Peeled Prawn Meat",
    "url": "https://www.coles.com.au/product/coles-deli-thawed-raw-peeled-prawn-meat-approx.-250g-3944524",
    "img": "https://productimages.coles.com.au/productimages/3/3944524.jpg",
    "price": 7,
    "quantity": 0.25,
    "unitPrice": 28
  },
  {
    "name": "BBQ Seasoned Shredded Chicken",
    "url": "https://www.coles.com.au/product/coles-bbq-seasoned-shredded-chicken-approx.100g-1873039",
    "img": "https://productimages.coles.com.au/productimages/1/1873039.jpg",
    "price": 2.8,
    "quantity": 0.1,
    "unitPrice": 28
  },
  {
    "name": "Semi Dried Tomatoes Kalamata Fetta",
    "url": "https://www.coles.com.au/product/coles-semi-dried-tomatoes-kalamata-fetta-appox.-100g-3067857",
    "img": "https://productimages.coles.com.au/productimages/3/3067857.jpg",
    "price": 2.8,
    "quantity": 0.1,
    "unitPrice": 28
  },
  {
    "name": "Australian Hand Crafted Triple Smoked Leg Ham From The Deli",
    "url": "https://www.coles.com.au/product/coles-australian-hand-crafted-triple-smoked-leg-ham-from-the-deli-approx.-100g-6758399",
    "img": "https://productimages.coles.com.au/productimages/6/6758399.jpg",
    "price": 2.8,
    "quantity": 0.1,
    "unitPrice": 28
  },
  {
    "name": "Australian Hand Crafted Honey Leg Ham From The Deli",
    "url": "https://www.coles.com.au/product/coles-australian-hand-crafted-honey-leg-ham-from-the-deli-approx.-100g-6758640",
    "img": "https://productimages.coles.com.au/productimages/6/6758640.jpg",
    "price": 2.8,
    "quantity": 0.1,
    "unitPrice": 28
  },
  {
    "name": "Premium Raw Mixed Nuts",
    "url": "https://www.coles.com.au/product/coles-premium-raw-mixed-nuts-250g-4448743",
    "img": "https://productimages.coles.com.au/productimages/4/4448743.jpg",
    "price": 7,
    "quantity": 0.25,
    "unitPrice": 28
  },
  {
    "name": "Premium Raw Mixed Nuts",
    "url": "https://www.coles.com.au/product/coles-premium-raw-mixed-nuts-250g-4448743",
    "img": "https://productimages.coles.com.au/productimages/4/4448743.jpg",
    "price": 7,
    "quantity": 0.25,
    "unitPrice": 28
  },
  {
    "name": "Four Cheeses Pasta & Sauce Serves 3",
    "url": "https://www.coles.com.au/product/continental-four-cheeses-pasta-&-sauce-serves-3-100g-4725800",
    "img": "https://productimages.coles.com.au/productimages/4/4725800.jpg",
    "price": 2.8,
    "quantity": 0.1,
    "unitPrice": 28
  },
  {
    "name": "Tomato Lasagne Casserole Sauce Mix One Pan Dinner",
    "url": "https://www.coles.com.au/product/tandaco-tomato-lasagne-casserole-sauce-mix-one-pan-dinner-200g-5130706",
    "img": "https://productimages.coles.com.au/productimages/5/5130706.jpg",
    "price": 5.6,
    "quantity": 0.2,
    "unitPrice": 28
  },
  {
    "name": "Savoury Noodle Pasta & Sauce One Pan Dinner",
    "url": "https://www.coles.com.au/product/tandaco-savoury-noodle-pasta-&-sauce-one-pan-dinner-200g-5150474",
    "img": "https://productimages.coles.com.au/productimages/5/5150474.jpg",
    "price": 5.6,
    "quantity": 0.2,
    "unitPrice": 28
  },
  {
    "name": "Espresso Coffee Beans",
    "url": "https://www.coles.com.au/product/vittoria-espresso-coffee-beans-500g-3208358",
    "img": "https://productimages.coles.com.au/productimages/3/3208358.jpg",
    "price": 14,
    "quantity": 0.5,
    "unitPrice": 28
  },
  {
    "name": "Instant Coffee",
    "url": "https://www.coles.com.au/product/international-roast-instant-coffee-500g-340246",
    "img": "https://productimages.coles.com.au/productimages/3/340246.jpg",
    "price": 14,
    "quantity": 0.5,
    "unitPrice": 28
  },
  {
    "name": "Espresso Ground Coffee",
    "url": "https://www.coles.com.au/product/vittoria-espresso-ground-coffee-500g-8830566",
    "img": "https://productimages.coles.com.au/productimages/8/8830566.jpg",
    "price": 14,
    "quantity": 0.5,
    "unitPrice": 28
  },
  {
    "name": "Whole Black Peppercorn Refill Bag",
    "url": "https://www.coles.com.au/product/coles-whole-black-peppercorn-refill-bag-200g-3775890",
    "img": "https://productimages.coles.com.au/productimages/3/3775890.jpg",
    "price": 5.5,
    "quantity": 0.2,
    "unitPrice": 28
  },
  {
    "name": "Extra Virgin Olive Oil Balsamic",
    "url": "https://www.coles.com.au/product/moro-extra-virgin-olive-oil-balsamic-250ml-3034097",
    "img": "https://productimages.coles.com.au/productimages/3/3034097.jpg",
    "price": 7,
    "quantity": 0.25,
    "unitPrice": 28
  },
  {
    "name": "Truffle Extra Virgin Olive Oil",
    "url": "https://www.coles.com.au/product/la-espanola-truffle-extra-virgin-olive-oil-250ml-4992577",
    "img": "https://productimages.coles.com.au/productimages/4/4992577.jpg",
    "price": 7,
    "quantity": 0.25,
    "unitPrice": 28
  },
  {
    "name": "Gravy Granules for Roast Meat",
    "url": "https://www.coles.com.au/product/green's-gravy-granules-for-roast-meat-120g-7302777",
    "img": "https://productimages.coles.com.au/productimages/7/7302777.jpg",
    "price": 3.3,
    "quantity": 0.12,
    "unitPrice": 28
  },
  {
    "name": "Stock Powder Organic Gourmet",
    "url": "https://www.coles.com.au/product/vegeta-stock-powder-organic-gourmet-160g-4224790",
    "img": "https://productimages.coles.com.au/productimages/4/4224790.jpg",
    "price": 4.5,
    "quantity": 0.16,
    "unitPrice": 28
  },
  {
    "name": "Frozen Cheese Burger",
    "url": "https://www.coles.com.au/product/on-the-menu-frozen-cheese-burger-161g-1535105",
    "img": "https://productimages.coles.com.au/productimages/1/1535105.jpg",
    "price": 4.5,
    "quantity": 0.161,
    "unitPrice": 28
  },
  {
    "name": "Take Outs Louisiana Style Tenders",
    "url": "https://www.coles.com.au/product/tegel-take-outs-louisiana-style-tenders-500g-6943175",
    "img": "https://productimages.coles.com.au/productimages/6/6943175.jpg",
    "price": 14,
    "quantity": 0.5,
    "unitPrice": 28
  },
  {
    "name": "Frozen Cheese Burger",
    "url": "https://www.coles.com.au/product/on-the-menu-frozen-cheese-burger-161g-1535105",
    "img": "https://productimages.coles.com.au/productimages/1/1535105.jpg",
    "price": 4.5,
    "quantity": 0.161,
    "unitPrice": 28
  },
  {
    "name": "Take Outs Louisiana Style Tenders",
    "url": "https://www.coles.com.au/product/tegel-take-outs-louisiana-style-tenders-500g-6943175",
    "img": "https://productimages.coles.com.au/productimages/6/6943175.jpg",
    "price": 14,
    "quantity": 0.5,
    "unitPrice": 28
  },
  {
    "name": "Thawed Raw Peeled Prawn Meat",
    "url": "https://www.coles.com.au/product/coles-deli-thawed-raw-peeled-prawn-meat-approx.-250g-3944524",
    "img": "https://productimages.coles.com.au/productimages/3/3944524.jpg",
    "price": 7,
    "quantity": 0.25,
    "unitPrice": 28
  },
  {
    "name": "Thawed Raw Peeled Prawn Meat",
    "url": "https://www.coles.com.au/product/coles-deli-thawed-raw-peeled-prawn-meat-approx.-250g-3944524",
    "img": "https://productimages.coles.com.au/productimages/3/3944524.jpg",
    "price": 7,
    "quantity": 0.25,
    "unitPrice": 28
  },
  {
    "name": "Monini White Truffle Extra Virgin Olive Oil",
    "url": "https://www.woolworths.com.au/shop/productdetails/165920",
    "img": "https://cdn0.woolworths.media/content/wowproductimages/medium/165920.jpg",
    "price": 7,
    "quantity": 0.25,
    "unitPrice": 28
  },
  {
    "name": "Cobram Estate Extra Virgin Rich & Robust Olive Oil",
    "url": "https://www.woolworths.com.au/shop/productdetails/302643",
    "img": "https://cdn0.woolworths.media/content/wowproductimages/medium/302643.jpg",
    "price": 10.5,
    "quantity": 0.375,
    "unitPrice": 28
  },
  {
    "name": "Cobram Estate Olive Oil Extra Virgin",
    "url": "https://www.woolworths.com.au/shop/productdetails/193319",
    "img": "https://cdn0.woolworths.media/content/wowproductimages/medium/193319.jpg",
    "price": 10.5,
    "quantity": 0.375,
    "unitPrice": 28
  },
  {
    "name": "Cobram Estate Light Olive Oil Extra Virgin",
    "url": "https://www.woolworths.com.au/shop/productdetails/302647",
    "img": "https://cdn0.woolworths.media/content/wowproductimages/medium/302647.jpg",
    "price": 10.5,
    "quantity": 0.375,
    "unitPrice": 28
  },
  {
    "name": "Barramundi Skin Off Fillets Bag & Bake Teriyaki Ginger",
    "url": "https://www.woolworths.com.au/shop/productdetails/859131",
    "img": "https://cdn0.woolworths.media/content/wowproductimages/medium/859131.jpg",
    "price": 28,
    "quantity": 1,
    "unitPrice": 28
  },
  {
    "name": "Just Caught Peeled & Deveined Raw Prawns",
    "url": "https://www.woolworths.com.au/shop/productdetails/666563",
    "img": "https://cdn0.woolworths.media/content/wowproductimages/medium/666563.jpg",
    "price": 28,
    "quantity": 1,
    "unitPrice": 28
  },
  {
    "name": "Woolworths Plantitude Vegan Belgian Dark Chocolate Brownie",
    "url": "https://www.woolworths.com.au/shop/productdetails/55049",
    "img": "https://cdn0.woolworths.media/content/wowproductimages/medium/055049.jpg",
    "price": 7,
    "quantity": 0.25,
    "unitPrice": 28
  },
  {
    "name": "Woolworths Lamb Midloins 3 - 6 Pieces 6-8 Pieces",
    "url": "https://www.woolworths.com.au/shop/productdetails/764967",
    "img": "https://cdn0.woolworths.media/content/wowproductimages/medium/764967.jpg",
    "price": 22.4,
    "quantity": 0.8,
    "unitPrice": 28
  },
  {
    "name": "Macro Grass Fed Beef Rump Roast",
    "url": "https://www.woolworths.com.au/shop/productdetails/254550",
    "img": "https://cdn0.woolworths.media/content/wowproductimages/medium/254550.jpg",
    "price": 23.8,
    "quantity": 0.85,
    "unitPrice": 28
  },
  {
    "name": "Macro Grass Fed Australian Lamb Shoulder Rosemary & Garlic",
    "url": "https://www.woolworths.com.au/shop/productdetails/288125",
    "img": "https://cdn0.woolworths.media/content/wowproductimages/medium/288125.jpg",
    "price": 16.8,
    "quantity": 0.6,
    "unitPrice": 28
  },
  {
    "name": "Woolworths Cinnamon Sugar",
    "url": "https://www.woolworths.com.au/shop/productdetails/251001",
    "img": "https://cdn0.woolworths.media/content/wowproductimages/medium/251001.jpg",
    "price": 1.65,
    "quantity": 0.06,
    "unitPrice": 28
  },
  {
    "name": "Leatherwood Organic Honey",
    "url": "https://www.woolworths.com.au/shop/productdetails/287",
    "img": "https://cdn0.woolworths.media/content/wowproductimages/medium/000287.jpg",
    "price": 14,
    "quantity": 0.5,
    "unitPrice": 28
  },
  {
    "name": "Gravox Pepper Sauce Mix Tin Mix Pepper Sauce",
    "url": "https://www.woolworths.com.au/shop/productdetails/49587",
    "img": "https://cdn0.woolworths.media/content/wowproductimages/medium/049587.jpg",
    "price": 3.9,
    "quantity": 0.14,
    "unitPrice": 28
  },
  {
    "name": "Continental Superb Stock Beef Stock Powder",
    "url": "https://www.woolworths.com.au/shop/productdetails/446313",
    "img": "https://cdn0.woolworths.media/content/wowproductimages/medium/446313.jpg",
    "price": 3.5,
    "quantity": 0.125,
    "unitPrice": 28
  },
  {
    "name": "Mckenzie's Vegan Instant Dried Baker's Yeast",
    "url": "https://www.woolworths.com.au/shop/productdetails/143327",
    "img": "https://cdn0.woolworths.media/content/wowproductimages/medium/143327.jpg",
    "price": 5.6,
    "quantity": 0.2,
    "unitPrice": 28
  },
  {
    "name": "Dollar Sweets Jurassic Bitz",
    "url": "https://www.woolworths.com.au/shop/productdetails/491631",
    "img": "https://cdn0.woolworths.media/content/wowproductimages/medium/491631.jpg",
    "price": 3.5,
    "quantity": 0.125,
    "unitPrice": 28
  },
  {
    "name": "Macro Natural Almond Kernels",
    "url": "https://www.woolworths.com.au/shop/productdetails/235127",
    "img": "https://cdn0.woolworths.media/content/wowproductimages/medium/235127.jpg",
    "price": 7,
    "quantity": 0.25,
    "unitPrice": 28
  },
  {
    "name": "Mini Croissants",
    "url": "https://www.coles.com.au/product/coles-mini-croissants-160g-9933564",
    "img": "https://productimages.coles.com.au/productimages/9/9933564.jpg",
    "price": 4.5,
    "quantity": 0.16,
    "unitPrice": 28.1
  },
  {
    "name": "Fusian Instant Cup Noodles Soy & Mild Spice",
    "url": "https://www.coles.com.au/product/maggi-fusian-instant-cup-noodles-soy-&-mild-spice-64g-8097720",
    "img": "https://productimages.coles.com.au/productimages/8/8097720.jpg",
    "price": 1.8,
    "quantity": 0.064,
    "unitPrice": 28.1
  },
  {
    "name": "99% Sugar Free Sticks Double Choc 4 Pack",
    "url": "https://www.coles.com.au/product/twisted-licks--99%-sugar-free-sticks-double-choc-4-pack-320ml-3778083",
    "img": "https://productimages.coles.com.au/productimages/3/3778083.jpg",
    "price": 9,
    "quantity": 0.32,
    "unitPrice": 28.1
  },
  {
    "name": "Licks 99% Sugar Free Dipped Vanilla Latte 4Pack",
    "url": "https://www.coles.com.au/product/twisted-licks-99%-sugar-free-dipped-vanilla-latte-4pack-320ml-5491792",
    "img": "https://productimages.coles.com.au/productimages/5/5491792.jpg",
    "price": 9,
    "quantity": 0.32,
    "unitPrice": 28.1
  },
  {
    "name": "99% Sugar Free Sticks Double Choc 4 Pack",
    "url": "https://www.coles.com.au/product/twisted-licks--99%-sugar-free-sticks-double-choc-4-pack-320ml-3778083",
    "img": "https://productimages.coles.com.au/productimages/3/3778083.jpg",
    "price": 9,
    "quantity": 0.32,
    "unitPrice": 28.1
  },
  {
    "name": "Licks 99% Sugar Free Dipped Vanilla Latte 4Pack",
    "url": "https://www.coles.com.au/product/twisted-licks-99%-sugar-free-dipped-vanilla-latte-4pack-320ml-5491792",
    "img": "https://productimages.coles.com.au/productimages/5/5491792.jpg",
    "price": 9,
    "quantity": 0.32,
    "unitPrice": 28.1
  },
  {
    "name": "Solid Light Tuna In Olive Oil 2 Pack",
    "url": "https://www.coles.com.au/product/callipo-solid-light-tuna-in-olive-oil-2-pack-320g-5019742",
    "img": "https://productimages.coles.com.au/productimages/5/5019742.jpg",
    "price": 9,
    "quantity": 0.32,
    "unitPrice": 28.13
  },
  {
    "name": "I'M Free From Fruit Mince Pies 4 pack",
    "url": "https://www.coles.com.au/product/coles-i'm-free-from-fruit-mince-pies-4-pack-220g-3527403",
    "img": "https://productimages.coles.com.au/productimages/3/3527403.jpg",
    "price": 6.2,
    "quantity": 0.22,
    "unitPrice": 28.2
  },
  {
    "name": "Low Carb Mini 6 pack",
    "url": "https://www.coles.com.au/product/simson's-pantry-low-carb-mini-6-pack-156g-4330685",
    "img": "https://productimages.coles.com.au/productimages/4/4330685.jpg",
    "price": 4.4,
    "quantity": 0.156,
    "unitPrice": 28.2
  },
  {
    "name": "Salmon Bowl Tomato Risoni",
    "url": "https://www.coles.com.au/product/john-west-salmon-bowl-tomato-risoni-170g-6736589",
    "img": "https://productimages.coles.com.au/productimages/6/6736589.jpg",
    "price": 4.8,
    "quantity": 0.17,
    "unitPrice": 28.24
  },
  {
    "name": "Salmon Bowl Coconut Lime Chilli And Rice",
    "url": "https://www.coles.com.au/product/john-west-salmon-bowl-coconut-lime-chilli-and-rice-170g-6736590",
    "img": "https://productimages.coles.com.au/productimages/6/6736590.jpg",
    "price": 4.8,
    "quantity": 0.17,
    "unitPrice": 28.24
  },
  {
    "name": "Salmon Bowl With Soy Veg And Black Rice",
    "url": "https://www.coles.com.au/product/john-west-salmon-bowl-with-soy-veg-and-black-rice-170g-6736603",
    "img": "https://productimages.coles.com.au/productimages/6/6736603.jpg",
    "price": 4.8,
    "quantity": 0.17,
    "unitPrice": 28.24
  },
  {
    "name": "Frozen Fish Fillets With Lemon Pepper Crumb Oven Bake 6 pack",
    "url": "https://www.coles.com.au/product/birds-eye-frozen-fish-fillets-with-lemon-pepper-crumb-oven-bake-6-pack-425g-4896121",
    "img": "https://productimages.coles.com.au/productimages/4/4896121.jpg",
    "price": 12,
    "quantity": 0.425,
    "unitPrice": 28.24
  },
  {
    "name": "Frozen Fish Fillets With Herb & Garlic Crumb Oven Bake 6 pack",
    "url": "https://www.coles.com.au/product/birds-eye-frozen-fish-fillets-with-herb-&-garlic-crumb-oven-bake-6-pack-425g-6621383",
    "img": "https://productimages.coles.com.au/productimages/6/6621383.jpg",
    "price": 12,
    "quantity": 0.425,
    "unitPrice": 28.24
  },
  {
    "name": "Frozen Fish Fillets With Lemon Crumb Oven Bake 6 pack",
    "url": "https://www.coles.com.au/product/birds-eye-frozen-fish-fillets-with-lemon-crumb-oven-bake-6-pack-425g-80804",
    "img": "https://productimages.coles.com.au/productimages/8/80804.jpg",
    "price": 12,
    "quantity": 0.425,
    "unitPrice": 28.24
  },
  {
    "name": "Frozen Fish Fillets With Original Lightly Battered Oven Bake 6 Pack",
    "url": "https://www.coles.com.au/product/birds-eye-frozen-fish-fillets-with-original-lightly-battered-oven-bake-6-pack-425g-84430",
    "img": "https://productimages.coles.com.au/productimages/8/84430.jpg",
    "price": 12,
    "quantity": 0.425,
    "unitPrice": 28.24
  },
  {
    "name": "Frozen Fish Fillets With Original  Crumb Oven Bake 6 pack",
    "url": "https://www.coles.com.au/product/birds-eye-frozen-fish-fillets-with-original--crumb-oven-bake-6-pack-425g-84452",
    "img": "https://productimages.coles.com.au/productimages/8/84452.jpg",
    "price": 12,
    "quantity": 0.425,
    "unitPrice": 28.24
  },
  {
    "name": "Frozen Fish Fillets With Lemon Pepper Crumb Oven Bake 6 pack",
    "url": "https://www.coles.com.au/product/birds-eye-frozen-fish-fillets-with-lemon-pepper-crumb-oven-bake-6-pack-425g-4896121",
    "img": "https://productimages.coles.com.au/productimages/4/4896121.jpg",
    "price": 12,
    "quantity": 0.425,
    "unitPrice": 28.24
  },
  {
    "name": "Frozen Fish Fillets With Herb & Garlic Crumb Oven Bake 6 pack",
    "url": "https://www.coles.com.au/product/birds-eye-frozen-fish-fillets-with-herb-&-garlic-crumb-oven-bake-6-pack-425g-6621383",
    "img": "https://productimages.coles.com.au/productimages/6/6621383.jpg",
    "price": 12,
    "quantity": 0.425,
    "unitPrice": 28.24
  },
  {
    "name": "Frozen Fish Fillets With Lemon Crumb Oven Bake 6 pack",
    "url": "https://www.coles.com.au/product/birds-eye-frozen-fish-fillets-with-lemon-crumb-oven-bake-6-pack-425g-80804",
    "img": "https://productimages.coles.com.au/productimages/8/80804.jpg",
    "price": 12,
    "quantity": 0.425,
    "unitPrice": 28.24
  },
  {
    "name": "Frozen Fish Fillets With Original Lightly Battered Oven Bake 6 Pack",
    "url": "https://www.coles.com.au/product/birds-eye-frozen-fish-fillets-with-original-lightly-battered-oven-bake-6-pack-425g-84430",
    "img": "https://productimages.coles.com.au/productimages/8/84430.jpg",
    "price": 12,
    "quantity": 0.425,
    "unitPrice": 28.24
  },
  {
    "name": "Frozen Fish Fillets With Original  Crumb Oven Bake 6 pack",
    "url": "https://www.coles.com.au/product/birds-eye-frozen-fish-fillets-with-original--crumb-oven-bake-6-pack-425g-84452",
    "img": "https://productimages.coles.com.au/productimages/8/84452.jpg",
    "price": 12,
    "quantity": 0.425,
    "unitPrice": 28.24
  },
  {
    "name": "John West Wild Caught Salmon Bowl Cherry Tomatoes Olives &risoni",
    "url": "https://www.woolworths.com.au/shop/productdetails/322963",
    "img": "https://cdn0.woolworths.media/content/wowproductimages/medium/322963.jpg",
    "price": 4.8,
    "quantity": 0.17,
    "unitPrice": 28.24
  },
  {
    "name": "John West Wild Caught Salmon Bowl Coconut Chilli Lime &thai Rice",
    "url": "https://www.woolworths.com.au/shop/productdetails/323507",
    "img": "https://cdn0.woolworths.media/content/wowproductimages/medium/323507.jpg",
    "price": 4.8,
    "quantity": 0.17,
    "unitPrice": 28.24
  },
  {
    "name": "John West Wild Caught Salmon Bowl Sweet Soy Vegetable Black Rice",
    "url": "https://www.woolworths.com.au/shop/productdetails/323532",
    "img": "https://cdn0.woolworths.media/content/wowproductimages/medium/323532.jpg",
    "price": 4.8,
    "quantity": 0.17,
    "unitPrice": 28.24
  },
  {
    "name": "John West Wild Caught Salmon Bowl Cherry Tomatoes Olives &risoni",
    "url": "https://www.woolworths.com.au/shop/productdetails/322963",
    "img": "https://cdn0.woolworths.media/content/wowproductimages/medium/322963.jpg",
    "price": 4.8,
    "quantity": 0.17,
    "unitPrice": 28.24
  },
  {
    "name": "John West Wild Caught Salmon Bowl Coconut Chilli Lime &thai Rice",
    "url": "https://www.woolworths.com.au/shop/productdetails/323507",
    "img": "https://cdn0.woolworths.media/content/wowproductimages/medium/323507.jpg",
    "price": 4.8,
    "quantity": 0.17,
    "unitPrice": 28.24
  },
  {
    "name": "John West Wild Caught Salmon Bowl Sweet Soy Vegetable Black Rice",
    "url": "https://www.woolworths.com.au/shop/productdetails/323532",
    "img": "https://cdn0.woolworths.media/content/wowproductimages/medium/323532.jpg",
    "price": 4.8,
    "quantity": 0.17,
    "unitPrice": 28.24
  },
  {
    "name": "Festive Bakewells 6 Pack",
    "url": "https://www.coles.com.au/product/mr-kipling-festive-bakewells-6-pack-230g-8558357",
    "img": "https://productimages.coles.com.au/productimages/8/8558357.jpg",
    "price": 6.5,
    "quantity": 0.23,
    "unitPrice": 28.3
  },
  {
    "name": "Chipotle In Adobo Sauce",
    "url": "https://www.coles.com.au/product/la-costena-chipotle-in-adobo-sauce-230g-2373530",
    "img": "https://productimages.coles.com.au/productimages/2/2373530.jpg",
    "price": 6.5,
    "quantity": 0.23,
    "unitPrice": 28.3
  },
  {
    "name": "Frozen BBQ Pork Buns",
    "url": "https://www.coles.com.au/product/hanabi-frozen-bbq-pork-buns-300g-2143199",
    "img": "https://productimages.coles.com.au/productimages/2/2143199.jpg",
    "price": 8.5,
    "quantity": 0.3,
    "unitPrice": 28.3
  },
  {
    "name": "Dim Sim Pork And Chive Dumplings",
    "url": "https://www.coles.com.au/product/hong-kong-dim-sim-pork-and-chive-dumplings-300g-4406663",
    "img": "https://productimages.coles.com.au/productimages/4/4406663.jpg",
    "price": 8.5,
    "quantity": 0.3,
    "unitPrice": 28.3
  },
  {
    "name": "Dim Sim Pork Prawn And Mushroom Siu Mai",
    "url": "https://www.coles.com.au/product/hong-kong-dim-sim-pork-prawn-and-mushroom-siu-mai-300g-4406674",
    "img": "https://productimages.coles.com.au/productimages/4/4406674.jpg",
    "price": 8.5,
    "quantity": 0.3,
    "unitPrice": 28.3
  },
  {
    "name": "Dim Sim BBQ Pork Buns",
    "url": "https://www.coles.com.au/product/hong-kong-dim-sim-bbq-pork-buns-300g-4406685",
    "img": "https://productimages.coles.com.au/productimages/4/4406685.jpg",
    "price": 8.5,
    "quantity": 0.3,
    "unitPrice": 28.3
  },
  {
    "name": "Frozen BBQ Pork Buns",
    "url": "https://www.coles.com.au/product/hanabi-frozen-bbq-pork-buns-300g-2143199",
    "img": "https://productimages.coles.com.au/productimages/2/2143199.jpg",
    "price": 8.5,
    "quantity": 0.3,
    "unitPrice": 28.3
  },
  {
    "name": "Dim Sim Pork And Chive Dumplings",
    "url": "https://www.coles.com.au/product/hong-kong-dim-sim-pork-and-chive-dumplings-300g-4406663",
    "img": "https://productimages.coles.com.au/productimages/4/4406663.jpg",
    "price": 8.5,
    "quantity": 0.3,
    "unitPrice": 28.3
  },
  {
    "name": "Dim Sim Pork Prawn And Mushroom Siu Mai",
    "url": "https://www.coles.com.au/product/hong-kong-dim-sim-pork-prawn-and-mushroom-siu-mai-300g-4406674",
    "img": "https://productimages.coles.com.au/productimages/4/4406674.jpg",
    "price": 8.5,
    "quantity": 0.3,
    "unitPrice": 28.3
  },
  {
    "name": "Dim Sim BBQ Pork Buns",
    "url": "https://www.coles.com.au/product/hong-kong-dim-sim-bbq-pork-buns-300g-4406685",
    "img": "https://productimages.coles.com.au/productimages/4/4406685.jpg",
    "price": 8.5,
    "quantity": 0.3,
    "unitPrice": 28.3
  },
  {
    "name": "Rana Gorgonzola Cheese Pdo & Walnut Ravioli",
    "url": "https://www.woolworths.com.au/shop/productdetails/380762",
    "img": "https://cdn0.woolworths.media/content/wowproductimages/medium/380762.jpg",
    "price": 8.5,
    "quantity": 0.3,
    "unitPrice": 28.3
  },
  {
    "name": "Rana Burrata Cheese & Arrabbiata Ravioli",
    "url": "https://www.woolworths.com.au/shop/productdetails/355169",
    "img": "https://cdn0.woolworths.media/content/wowproductimages/medium/355169.jpg",
    "price": 8.5,
    "quantity": 0.3,
    "unitPrice": 28.3
  },
  {
    "name": "Rana Pecorino Romano & Black Pepper Tortellini",
    "url": "https://www.woolworths.com.au/shop/productdetails/349217",
    "img": "https://cdn0.woolworths.media/content/wowproductimages/medium/349217.jpg",
    "price": 8.5,
    "quantity": 0.3,
    "unitPrice": 28.3
  },
  {
    "name": "Farmer Jo Gluten Free Keto Granola With Cinnamon Spice",
    "url": "https://www.woolworths.com.au/shop/productdetails/277271",
    "img": "https://cdn0.woolworths.media/content/wowproductimages/medium/277271.jpg",
    "price": 8.5,
    "quantity": 0.3,
    "unitPrice": 28.3
  },
  {
    "name": "Farmer Jo Gluten Free Paleo Granola Salted Maple Cashew",
    "url": "https://www.woolworths.com.au/shop/productdetails/147895",
    "img": "https://cdn0.woolworths.media/content/wowproductimages/medium/147895.jpg",
    "price": 8.5,
    "quantity": 0.3,
    "unitPrice": 28.3
  },
  {
    "name": "Farmer Jo Gluten Free Paleo Muesli",
    "url": "https://www.woolworths.com.au/shop/productdetails/85136",
    "img": "https://cdn0.woolworths.media/content/wowproductimages/medium/085136.jpg",
    "price": 8.5,
    "quantity": 0.3,
    "unitPrice": 28.3
  },
  {
    "name": "Dollar Sweet Cake Toppings Rainbow 1.5Kg",
    "url": "https://www.woolworths.com.au/shop/productdetails/1074252170",
    "img": "https://cdn0.woolworths.media/content/wowproductimages/medium/1074252170.jpg",
    "price": 42.44,
    "quantity": 1.5,
    "unitPrice": 28.3
  },
  {
    "name": "Lucky Almond Meal",
    "url": "https://www.woolworths.com.au/shop/productdetails/246677",
    "img": "https://cdn0.woolworths.media/content/wowproductimages/medium/246677.jpg",
    "price": 8.5,
    "quantity": 0.3,
    "unitPrice": 28.33
  },
  {
    "name": "Lucky Oven Roasted Almonds",
    "url": "https://www.woolworths.com.au/shop/productdetails/247445",
    "img": "https://cdn0.woolworths.media/content/wowproductimages/medium/247445.jpg",
    "price": 8.5,
    "quantity": 0.3,
    "unitPrice": 28.33
  },
  {
    "name": "Tempters Tuna & Tangy Jalapenos",
    "url": "https://www.coles.com.au/product/john-west-tempters-tuna-&-tangy-jalapenos-95g-2667972",
    "img": "https://productimages.coles.com.au/productimages/2/2667972.jpg",
    "price": 2.7,
    "quantity": 0.095,
    "unitPrice": 28.42
  },
  {
    "name": "Tempters Tuna Onion & Tomato Savoury Sauce",
    "url": "https://www.coles.com.au/product/john-west-tempters-tuna-onion-&-tomato-savoury-sauce-95g-384718",
    "img": "https://productimages.coles.com.au/productimages/3/384718.jpg",
    "price": 2.7,
    "quantity": 0.095,
    "unitPrice": 28.42
  },
  {
    "name": "Tuna Tempters Tomato Bruscetta",
    "url": "https://www.coles.com.au/product/john-west-tuna-tempters-tomato-bruscetta-95g-4408614",
    "img": "https://productimages.coles.com.au/productimages/4/4408614.jpg",
    "price": 2.7,
    "quantity": 0.095,
    "unitPrice": 28.42
  },
  {
    "name": "Tuna Tempters Fiery Chilli",
    "url": "https://www.coles.com.au/product/john-west-tuna-tempters-fiery-chilli-95g-4408625",
    "img": "https://productimages.coles.com.au/productimages/4/4408625.jpg",
    "price": 2.7,
    "quantity": 0.095,
    "unitPrice": 28.42
  },
  {
    "name": "Tuna Tempters Teriyaki",
    "url": "https://www.coles.com.au/product/john-west-tuna-tempters-teriyaki-95g-4408636",
    "img": "https://productimages.coles.com.au/productimages/4/4408636.jpg",
    "price": 2.7,
    "quantity": 0.095,
    "unitPrice": 28.42
  },
  {
    "name": "Tuna Tempters Thai Red Curry",
    "url": "https://www.coles.com.au/product/john-west-tuna-tempters-thai-red-curry-95g-4408647",
    "img": "https://productimages.coles.com.au/productimages/4/4408647.jpg",
    "price": 2.7,
    "quantity": 0.095,
    "unitPrice": 28.42
  },
  {
    "name": "Tempters Onion & Tomato Light Tuna",
    "url": "https://www.coles.com.au/product/john-west-tempters-onion-&-tomato-light-tuna-95g-4925004",
    "img": "https://productimages.coles.com.au/productimages/4/4925004.jpg",
    "price": 2.7,
    "quantity": 0.095,
    "unitPrice": 28.42
  },
  {
    "name": "Tempters Mango Chilli Tuna",
    "url": "https://www.coles.com.au/product/john-west-tempters-mango-chilli-tuna-95g-5263889",
    "img": "https://productimages.coles.com.au/productimages/5/5263889.jpg",
    "price": 2.7,
    "quantity": 0.095,
    "unitPrice": 28.42
  },
  {
    "name": "Tempters Tuna in Olive Oil",
    "url": "https://www.coles.com.au/product/john-west-tempters-tuna-in-olive-oil-95g-5558736",
    "img": "https://productimages.coles.com.au/productimages/5/5558736.jpg",
    "price": 2.7,
    "quantity": 0.095,
    "unitPrice": 28.42
  },
  {
    "name": "Tempters Lemon & Cracked Pepper Tuna",
    "url": "https://www.coles.com.au/product/john-west-tempters-lemon-&-cracked-pepper-tuna-95g-6041113",
    "img": "https://productimages.coles.com.au/productimages/6/6041113.jpg",
    "price": 2.7,
    "quantity": 0.095,
    "unitPrice": 28.42
  },
  {
    "name": "Tempters Oven Dried Tomato & Basil Tuna",
    "url": "https://www.coles.com.au/product/john-west-tempters-oven-dried-tomato-&-basil-tuna-95g-6041124",
    "img": "https://productimages.coles.com.au/productimages/6/6041124.jpg",
    "price": 2.7,
    "quantity": 0.095,
    "unitPrice": 28.42
  },
  {
    "name": "Tempters Chilli Tuna",
    "url": "https://www.coles.com.au/product/john-west-tempters-chilli-tuna-95g-6044009",
    "img": "https://productimages.coles.com.au/productimages/6/6044009.jpg",
    "price": 2.7,
    "quantity": 0.095,
    "unitPrice": 28.42
  },
  {
    "name": "Tempters Zesty Vinaigrette Tuna",
    "url": "https://www.coles.com.au/product/john-west-tempters-zesty-vinaigrette-tuna-95g-6044097",
    "img": "https://productimages.coles.com.au/productimages/6/6044097.jpg",
    "price": 2.7,
    "quantity": 0.095,
    "unitPrice": 28.42
  },
  {
    "name": "Tempters Tuna Sweet Corn & Mayonnaise",
    "url": "https://www.coles.com.au/product/john-west-tempters-tuna-sweet-corn-&-mayonnaise-95g-6658510",
    "img": "https://productimages.coles.com.au/productimages/6/6658510.jpg",
    "price": 2.7,
    "quantity": 0.095,
    "unitPrice": 28.42
  },
  {
    "name": "Tempters Tuna Chunks in Springwater",
    "url": "https://www.coles.com.au/product/john-west-tempters-tuna-chunks-in-springwater-95g-7532777",
    "img": "https://productimages.coles.com.au/productimages/7/7532777.jpg",
    "price": 2.7,
    "quantity": 0.095,
    "unitPrice": 28.42
  },
  {
    "name": "Tempters Sweet Chilli Tuna",
    "url": "https://www.coles.com.au/product/john-west-tempters-sweet-chilli-tuna-95g-8582395",
    "img": "https://productimages.coles.com.au/productimages/8/8582395.jpg",
    "price": 2.7,
    "quantity": 0.095,
    "unitPrice": 28.42
  },
  {
    "name": "Tempters Mild Indian Curry Tuna",
    "url": "https://www.coles.com.au/product/john-west-tempters-mild-indian-curry-tuna-95g-8740882",
    "img": "https://productimages.coles.com.au/productimages/8/8740882.jpg",
    "price": 2.7,
    "quantity": 0.095,
    "unitPrice": 28.42
  },
  {
    "name": "Tempters Natural Smoke Flavour Tuna",
    "url": "https://www.coles.com.au/product/john-west-tempters-natural-smoke-flavour-tuna-95g-9658663",
    "img": "https://productimages.coles.com.au/productimages/9/9658663.jpg",
    "price": 2.7,
    "quantity": 0.095,
    "unitPrice": 28.42
  },
  {
    "name": "Buderim Ginger Ginger Sliced Naked Ginger",
    "url": "https://www.woolworths.com.au/shop/productdetails/171865",
    "img": "https://cdn0.woolworths.media/content/wowproductimages/medium/171865.jpg",
    "price": 9.95,
    "quantity": 0.35,
    "unitPrice": 28.43
  },
  {
    "name": "Gluten Free Real Diced Bacon",
    "url": "https://www.coles.com.au/product/primo-gluten-free-real-diced-bacon-200g-2739199",
    "img": "https://productimages.coles.com.au/productimages/2/2739199.jpg",
    "price": 5.7,
    "quantity": 0.2,
    "unitPrice": 28.5
  },
  {
    "name": "Crafted Cuts Double Smoked Pansize Bacon",
    "url": "https://www.coles.com.au/product/don-crafted-cuts-double-smoked-pansize-bacon-200g-4258180",
    "img": "https://productimages.coles.com.au/productimages/4/4258180.jpg",
    "price": 5.7,
    "quantity": 0.2,
    "unitPrice": 28.5
  },
  {
    "name": "Gorgonzola Dolce",
    "url": "https://www.coles.com.au/product/coles-gorgonzola-dolce-200g-4351925",
    "img": "https://productimages.coles.com.au/productimages/4/4351925.jpg",
    "price": 5.7,
    "quantity": 0.2,
    "unitPrice": 28.5
  },
  {
    "name": "Crafted Cut Bacon Shortcut",
    "url": "https://www.coles.com.au/product/don-crafted-cut-bacon-shortcut-200g-5009250",
    "img": "https://productimages.coles.com.au/productimages/5/5009250.jpg",
    "price": 5.7,
    "quantity": 0.2,
    "unitPrice": 28.5
  },
  {
    "name": "Gluten Free Real Diced Bacon",
    "url": "https://www.coles.com.au/product/primo-gluten-free-real-diced-bacon-200g-2739199",
    "img": "https://productimages.coles.com.au/productimages/2/2739199.jpg",
    "price": 5.7,
    "quantity": 0.2,
    "unitPrice": 28.5
  },
  {
    "name": "Crafted Cuts Double Smoked Pansize Bacon",
    "url": "https://www.coles.com.au/product/don-crafted-cuts-double-smoked-pansize-bacon-200g-4258180",
    "img": "https://productimages.coles.com.au/productimages/4/4258180.jpg",
    "price": 5.7,
    "quantity": 0.2,
    "unitPrice": 28.5
  },
  {
    "name": "Gorgonzola Dolce",
    "url": "https://www.coles.com.au/product/coles-gorgonzola-dolce-200g-4351925",
    "img": "https://productimages.coles.com.au/productimages/4/4351925.jpg",
    "price": 5.7,
    "quantity": 0.2,
    "unitPrice": 28.5
  },
  {
    "name": "Crafted Cut Bacon Shortcut",
    "url": "https://www.coles.com.au/product/don-crafted-cut-bacon-shortcut-200g-5009250",
    "img": "https://productimages.coles.com.au/productimages/5/5009250.jpg",
    "price": 5.7,
    "quantity": 0.2,
    "unitPrice": 28.5
  },
  {
    "name": "Gluten Free Real Diced Bacon",
    "url": "https://www.coles.com.au/product/primo-gluten-free-real-diced-bacon-200g-2739199",
    "img": "https://productimages.coles.com.au/productimages/2/2739199.jpg",
    "price": 5.7,
    "quantity": 0.2,
    "unitPrice": 28.5
  },
  {
    "name": "Crafted Cuts Double Smoked Pansize Bacon",
    "url": "https://www.coles.com.au/product/don-crafted-cuts-double-smoked-pansize-bacon-200g-4258180",
    "img": "https://productimages.coles.com.au/productimages/4/4258180.jpg",
    "price": 5.7,
    "quantity": 0.2,
    "unitPrice": 28.5
  },
  {
    "name": "Crafted Cut Bacon Shortcut",
    "url": "https://www.coles.com.au/product/don-crafted-cut-bacon-shortcut-200g-5009250",
    "img": "https://productimages.coles.com.au/productimages/5/5009250.jpg",
    "price": 5.7,
    "quantity": 0.2,
    "unitPrice": 28.5
  },
  {
    "name": "Greek Style Coffee",
    "url": "https://www.coles.com.au/product/oasis-greek-style-coffee-200g-204328",
    "img": "https://productimages.coles.com.au/productimages/2/204328.jpg",
    "price": 5.7,
    "quantity": 0.2,
    "unitPrice": 28.5
  },
  {
    "name": "Hazelnut Meal",
    "url": "https://www.coles.com.au/product/coles-hazelnut-meal-350g-3834297",
    "img": "https://productimages.coles.com.au/productimages/3/3834297.jpg",
    "price": 10,
    "quantity": 0.35,
    "unitPrice": 28.57
  },
  {
    "name": "Hazelnut Meal",
    "url": "https://www.coles.com.au/product/coles-hazelnut-meal-350g-3834297",
    "img": "https://productimages.coles.com.au/productimages/3/3834297.jpg",
    "price": 10,
    "quantity": 0.35,
    "unitPrice": 28.57
  },
  {
    "name": "Pink Salmon ",
    "url": "https://www.coles.com.au/product/ally-pink-salmon--105g-124681",
    "img": "https://productimages.coles.com.au/productimages/1/124681.jpg",
    "price": 3,
    "quantity": 0.105,
    "unitPrice": 28.57
  },
  {
    "name": "Chilean Mussels Escabeche",
    "url": "https://www.coles.com.au/product/safcol-chilean-mussels-escabeche-105g-6650600",
    "img": "https://productimages.coles.com.au/productimages/6/6650600.jpg",
    "price": 3,
    "quantity": 0.105,
    "unitPrice": 28.57
  },
  {
    "name": "Salmon Red",
    "url": "https://www.coles.com.au/product/coles-salmon-red-210g-8674992",
    "img": "https://productimages.coles.com.au/productimages/8/8674992.jpg",
    "price": 6,
    "quantity": 0.21,
    "unitPrice": 28.57
  },
  {
    "name": "Woolworths Red Salmon",
    "url": "https://www.woolworths.com.au/shop/productdetails/220699",
    "img": "https://cdn0.woolworths.media/content/wowproductimages/medium/220699.jpg",
    "price": 6,
    "quantity": 0.21,
    "unitPrice": 28.57
  },
  {
    "name": "Safcol Tapas Chilean Mussels In Spanish Galician Style Sauce",
    "url": "https://www.woolworths.com.au/shop/productdetails/20933",
    "img": "https://cdn0.woolworths.media/content/wowproductimages/medium/020933.jpg",
    "price": 3,
    "quantity": 0.105,
    "unitPrice": 28.57
  },
  {
    "name": "Safcol Tapas Chilean Mussels In Spanish Escabeche Style Sauce",
    "url": "https://www.woolworths.com.au/shop/productdetails/20923",
    "img": "https://cdn0.woolworths.media/content/wowproductimages/medium/020923.jpg",
    "price": 3,
    "quantity": 0.105,
    "unitPrice": 28.57
  },
  {
    "name": "Safcol Tapas Chilean Mussels In Spanish Galician Style Sauce",
    "url": "https://www.woolworths.com.au/shop/productdetails/20933",
    "img": "https://cdn0.woolworths.media/content/wowproductimages/medium/020933.jpg",
    "price": 3,
    "quantity": 0.105,
    "unitPrice": 28.57
  },
  {
    "name": "Safcol Tapas Chilean Mussels In Spanish Escabeche Style Sauce",
    "url": "https://www.woolworths.com.au/shop/productdetails/20923",
    "img": "https://cdn0.woolworths.media/content/wowproductimages/medium/020923.jpg",
    "price": 3,
    "quantity": 0.105,
    "unitPrice": 28.57
  },
  {
    "name": "Buderim Ginger Naked Ginger Uncrystallised",
    "url": "https://www.woolworths.com.au/shop/productdetails/230684",
    "img": "https://cdn0.woolworths.media/content/wowproductimages/medium/230684.jpg",
    "price": 5,
    "quantity": 0.175,
    "unitPrice": 28.57
  },
  {
    "name": "Garlic & Herb Spreadable Blend",
    "url": "https://www.coles.com.au/product/mainland-garlic-&-herb-spreadable-blend-140g-6820379",
    "img": "https://productimages.coles.com.au/productimages/6/6820379.jpg",
    "price": 4,
    "quantity": 0.14,
    "unitPrice": 28.6
  },
  {
    "name": "Garlic & Herb Spreadable Blend",
    "url": "https://www.coles.com.au/product/mainland-garlic-&-herb-spreadable-blend-140g-6820379",
    "img": "https://productimages.coles.com.au/productimages/6/6820379.jpg",
    "price": 4,
    "quantity": 0.14,
    "unitPrice": 28.6
  },
  {
    "name": "Luxury Christmas Pudding Small",
    "url": "https://www.coles.com.au/product/coles-finest-luxury-christmas-pudding-small-140g-2458032",
    "img": "https://productimages.coles.com.au/productimages/2/2458032.jpg",
    "price": 4,
    "quantity": 0.14,
    "unitPrice": 28.6
  },
  {
    "name": "Festive Iced Stars",
    "url": "https://www.coles.com.au/product/coles-festive-iced-stars-175g-3526580",
    "img": "https://productimages.coles.com.au/productimages/3/3526580.jpg",
    "price": 5,
    "quantity": 0.175,
    "unitPrice": 28.6
  },
  {
    "name": "Naked Ginger",
    "url": "https://www.coles.com.au/product/buderim-ginger-naked-ginger-175g-5227273",
    "img": "https://productimages.coles.com.au/productimages/5/5227273.jpg",
    "price": 5,
    "quantity": 0.175,
    "unitPrice": 28.6
  },
  {
    "name": "Naked Ginger",
    "url": "https://www.coles.com.au/product/buderim-ginger-naked-ginger-175g-5227273",
    "img": "https://productimages.coles.com.au/productimages/5/5227273.jpg",
    "price": 5,
    "quantity": 0.175,
    "unitPrice": 28.6
  },
  {
    "name": "Mac & Cheese Bowl",
    "url": "https://www.coles.com.au/product/the-big-cheese-mac-&-cheese-bowl-105g-4448506",
    "img": "https://productimages.coles.com.au/productimages/4/4448506.jpg",
    "price": 3,
    "quantity": 0.105,
    "unitPrice": 28.6
  },
  {
    "name": "Beef Rice Bowl Sauce ",
    "url": "https://www.coles.com.au/product/daisho-donburi-japanese-beef-rice-bowl-sauce--175g-5047872",
    "img": "https://productimages.coles.com.au/productimages/5/5047872.jpg",
    "price": 5,
    "quantity": 0.175,
    "unitPrice": 28.6
  },
  {
    "name": "Pork On Rice Sauce",
    "url": "https://www.coles.com.au/product/daisho-donburi-japanese-pork-on-rice-sauce-175g-5050243",
    "img": "https://productimages.coles.com.au/productimages/5/5050243.jpg",
    "price": 5,
    "quantity": 0.175,
    "unitPrice": 28.6
  },
  {
    "name": "Pure Black Sesame Oil",
    "url": "https://www.coles.com.au/product/ayam-pure-black-sesame-oil-210ml-3753661",
    "img": "https://productimages.coles.com.au/productimages/3/3753661.jpg",
    "price": 6,
    "quantity": 0.21,
    "unitPrice": 28.6
  },
  {
    "name": "Mainland Garlic & Herbs Spread",
    "url": "https://www.woolworths.com.au/shop/productdetails/290261",
    "img": "https://cdn0.woolworths.media/content/wowproductimages/medium/290261.jpg",
    "price": 4,
    "quantity": 0.14,
    "unitPrice": 28.6
  },
  {
    "name": "Ayam Organic Soy",
    "url": "https://www.woolworths.com.au/shop/productdetails/20245",
    "img": "https://cdn0.woolworths.media/content/wowproductimages/medium/020245.jpg",
    "price": 6,
    "quantity": 0.21,
    "unitPrice": 28.6
  },
  {
    "name": "Goodmix Burger Mix - Veggie Pattie Premix 400g",
    "url": "https://www.woolworths.com.au/shop/productdetails/1073921567",
    "img": "https://cdn0.woolworths.media/content/wowproductimages/medium/1073921567.jpg",
    "price": 11.44,
    "quantity": 0.4,
    "unitPrice": 28.6
  },
  {
    "name": "Organic Medjool Dates",
    "url": "https://www.coles.com.au/product/coles-organic-medjool-dates-227g-2823342",
    "img": "https://productimages.coles.com.au/productimages/2/2823342.jpg",
    "price": 6.5,
    "quantity": 0.227,
    "unitPrice": 28.63
  },
  {
    "name": "Organic Medjool Dates",
    "url": "https://www.coles.com.au/product/coles-organic-medjool-dates-227g-2823342",
    "img": "https://productimages.coles.com.au/productimages/2/2823342.jpg",
    "price": 6.5,
    "quantity": 0.227,
    "unitPrice": 28.63
  },
  {
    "name": "Dollar Sweets 100's and 1000's Sprinkles 1150g",
    "url": "https://www.woolworths.com.au/shop/productdetails/1074032852",
    "img": "https://cdn0.woolworths.media/content/wowproductimages/medium/1074032852.jpg",
    "price": 32.99,
    "quantity": 1.15,
    "unitPrice": 28.7
  },
  {
    "name": "Bulgarian Sheep's Cheese",
    "url": "https://www.coles.com.au/product/kebia-bulgarian-sheep's-cheese-400g-3724696",
    "img": "https://productimages.coles.com.au/productimages/3/3724696.jpg",
    "price": 11.5,
    "quantity": 0.4,
    "unitPrice": 28.75
  },
  {
    "name": "French Brie Portions",
    "url": "https://www.coles.com.au/product/emborg-french-brie-portions-240g-7016315",
    "img": "https://productimages.coles.com.au/productimages/7/7016315.jpg",
    "price": 6.9,
    "quantity": 0.24,
    "unitPrice": 28.75
  },
  {
    "name": "Bulgarian Sheep's Cheese",
    "url": "https://www.coles.com.au/product/kebia-bulgarian-sheep's-cheese-400g-3724696",
    "img": "https://productimages.coles.com.au/productimages/3/3724696.jpg",
    "price": 11.5,
    "quantity": 0.4,
    "unitPrice": 28.75
  },
  {
    "name": "French Brie Portions",
    "url": "https://www.coles.com.au/product/emborg-french-brie-portions-240g-7016315",
    "img": "https://productimages.coles.com.au/productimages/7/7016315.jpg",
    "price": 6.9,
    "quantity": 0.24,
    "unitPrice": 28.75
  },
  {
    "name": "Greek Style Unsweetened Yoghurt",
    "url": "https://www.coles.com.au/product/easiyo-greek-style-unsweetened-yoghurt-170g-2745974",
    "img": "https://productimages.coles.com.au/productimages/2/2745974.jpg",
    "price": 4.9,
    "quantity": 0.17,
    "unitPrice": 28.8
  },
  {
    "name": "Greek Style Unsweetened Yoghurt",
    "url": "https://www.coles.com.au/product/easiyo-greek-style-unsweetened-yoghurt-170g-2745985",
    "img": "https://productimages.coles.com.au/productimages/2/2745985.jpg",
    "price": 4.9,
    "quantity": 0.17,
    "unitPrice": 28.8
  },
  {
    "name": "Greek Style Unsweetened Yoghurt",
    "url": "https://www.coles.com.au/product/easiyo-greek-style-unsweetened-yoghurt-170g-2745974",
    "img": "https://productimages.coles.com.au/productimages/2/2745974.jpg",
    "price": 4.9,
    "quantity": 0.17,
    "unitPrice": 28.8
  },
  {
    "name": "Greek Style Unsweetened Yoghurt",
    "url": "https://www.coles.com.au/product/easiyo-greek-style-unsweetened-yoghurt-170g-2745985",
    "img": "https://productimages.coles.com.au/productimages/2/2745985.jpg",
    "price": 4.9,
    "quantity": 0.17,
    "unitPrice": 28.8
  },
  {
    "name": "Mini Iced Cupcakes",
    "url": "https://www.coles.com.au/product/coles-mini-iced-cupcakes-240g-6341456",
    "img": "https://productimages.coles.com.au/productimages/6/6341456.jpg",
    "price": 6.9,
    "quantity": 0.24,
    "unitPrice": 28.8
  },
  {
    "name": "Fibre Rich Probiotic Honey & Almond",
    "url": "https://www.coles.com.au/product/carman's-fibre-rich-probiotic-honey-&-almond-240g-3741673",
    "img": "https://productimages.coles.com.au/productimages/3/3741673.jpg",
    "price": 6.9,
    "quantity": 0.24,
    "unitPrice": 28.8
  },
  {
    "name": "Porridge Oats Sachets Blueberry Crumble",
    "url": "https://www.coles.com.au/product/carman's-porridge-oats-sachets-blueberry-crumble-240g-6158653",
    "img": "https://productimages.coles.com.au/productimages/6/6158653.jpg",
    "price": 6.9,
    "quantity": 0.24,
    "unitPrice": 28.8
  },
  {
    "name": "Fibre Rich Probiotic Honey & Almond",
    "url": "https://www.coles.com.au/product/carman's-fibre-rich-probiotic-honey-&-almond-240g-3741673",
    "img": "https://productimages.coles.com.au/productimages/3/3741673.jpg",
    "price": 6.9,
    "quantity": 0.24,
    "unitPrice": 28.8
  },
  {
    "name": "Porridge Oats Sachets Blueberry Crumble",
    "url": "https://www.coles.com.au/product/carman's-porridge-oats-sachets-blueberry-crumble-240g-6158653",
    "img": "https://productimages.coles.com.au/productimages/6/6158653.jpg",
    "price": 6.9,
    "quantity": 0.24,
    "unitPrice": 28.8
  },
  {
    "name": "Turkish Style Pulverised Coffee ",
    "url": "https://www.coles.com.au/product/bushells-turkish-style-pulverised-coffee--250g-116457",
    "img": "https://productimages.coles.com.au/productimages/1/116457.jpg",
    "price": 7.2,
    "quantity": 0.25,
    "unitPrice": 28.8
  },
  {
    "name": "Sour Jelly Beans",
    "url": "https://www.coles.com.au/product/warhead-sour-jelly-beans-113g-5445365",
    "img": "https://productimages.coles.com.au/productimages/5/5445365.jpg",
    "price": 3.25,
    "quantity": 0.113,
    "unitPrice": 28.8
  },
  {
    "name": "Taco Shells 12 Pack",
    "url": "https://www.coles.com.au/product/old-el-paso-taco-shells-12-pack-156g-291468",
    "img": "https://productimages.coles.com.au/productimages/2/291468.jpg",
    "price": 4.5,
    "quantity": 0.156,
    "unitPrice": 28.8
  },
  {
    "name": "Perform Portuguese Style Chicken",
    "url": "https://www.coles.com.au/product/coles-perform-portuguese-style-chicken-330g-3916675",
    "img": "https://productimages.coles.com.au/productimages/3/3916675.jpg",
    "price": 9.5,
    "quantity": 0.33,
    "unitPrice": 28.8
  },
  {
    "name": "Perform Open Chicken Fajita",
    "url": "https://www.coles.com.au/product/coles-perform-open-chicken-fajita-330g-3916744",
    "img": "https://productimages.coles.com.au/productimages/3/3916744.jpg",
    "price": 9.5,
    "quantity": 0.33,
    "unitPrice": 28.8
  },
  {
    "name": "Perform Lemon Pepper Chicken",
    "url": "https://www.coles.com.au/product/coles-perform-lemon-pepper-chicken-330g-3916802",
    "img": "https://productimages.coles.com.au/productimages/3/3916802.jpg",
    "price": 9.5,
    "quantity": 0.33,
    "unitPrice": 28.8
  },
  {
    "name": "Perform Pulled Pork Burrito Bowl",
    "url": "https://www.coles.com.au/product/coles-perform-pulled-pork-burrito-bowl-330g-5556297",
    "img": "https://productimages.coles.com.au/productimages/5/5556297.jpg",
    "price": 9.5,
    "quantity": 0.33,
    "unitPrice": 28.8
  },
  {
    "name": "Perform Creamy Mac & Cheese",
    "url": "https://www.coles.com.au/product/coles-perform-creamy-mac-&-cheese-330g-5641400",
    "img": "https://productimages.coles.com.au/productimages/5/5641400.jpg",
    "price": 9.5,
    "quantity": 0.33,
    "unitPrice": 28.8
  },
  {
    "name": "Meatless Party Pies",
    "url": "https://www.coles.com.au/product/pie-society-meatless-party-pies-330g-6517097",
    "img": "https://productimages.coles.com.au/productimages/6/6517097.jpg",
    "price": 9.5,
    "quantity": 0.33,
    "unitPrice": 28.8
  },
  {
    "name": "Perform Lean Black Pepper Beef",
    "url": "https://www.coles.com.au/product/coles-perform-lean-black-pepper-beef-330g-6630395",
    "img": "https://productimages.coles.com.au/productimages/6/6630395.jpg",
    "price": 9.5,
    "quantity": 0.33,
    "unitPrice": 28.8
  },
  {
    "name": "Perform Balanced Pesto Chicken Pasta",
    "url": "https://www.coles.com.au/product/coles-perform-balanced-pesto-chicken-pasta-330g-6630613",
    "img": "https://productimages.coles.com.au/productimages/6/6630613.jpg",
    "price": 9.5,
    "quantity": 0.33,
    "unitPrice": 28.8
  },
  {
    "name": "Perform Portuguese Style Chicken",
    "url": "https://www.coles.com.au/product/coles-perform-portuguese-style-chicken-330g-3916675",
    "img": "https://productimages.coles.com.au/productimages/3/3916675.jpg",
    "price": 9.5,
    "quantity": 0.33,
    "unitPrice": 28.8
  },
  {
    "name": "Perform Open Chicken Fajita",
    "url": "https://www.coles.com.au/product/coles-perform-open-chicken-fajita-330g-3916744",
    "img": "https://productimages.coles.com.au/productimages/3/3916744.jpg",
    "price": 9.5,
    "quantity": 0.33,
    "unitPrice": 28.8
  },
  {
    "name": "Perform Lemon Pepper Chicken",
    "url": "https://www.coles.com.au/product/coles-perform-lemon-pepper-chicken-330g-3916802",
    "img": "https://productimages.coles.com.au/productimages/3/3916802.jpg",
    "price": 9.5,
    "quantity": 0.33,
    "unitPrice": 28.8
  },
  {
    "name": "Perform Pulled Pork Burrito Bowl",
    "url": "https://www.coles.com.au/product/coles-perform-pulled-pork-burrito-bowl-330g-5556297",
    "img": "https://productimages.coles.com.au/productimages/5/5556297.jpg",
    "price": 9.5,
    "quantity": 0.33,
    "unitPrice": 28.8
  },
  {
    "name": "Perform Creamy Mac & Cheese",
    "url": "https://www.coles.com.au/product/coles-perform-creamy-mac-&-cheese-330g-5641400",
    "img": "https://productimages.coles.com.au/productimages/5/5641400.jpg",
    "price": 9.5,
    "quantity": 0.33,
    "unitPrice": 28.8
  },
  {
    "name": "Meatless Party Pies",
    "url": "https://www.coles.com.au/product/pie-society-meatless-party-pies-330g-6517097",
    "img": "https://productimages.coles.com.au/productimages/6/6517097.jpg",
    "price": 9.5,
    "quantity": 0.33,
    "unitPrice": 28.8
  },
  {
    "name": "Perform Lean Black Pepper Beef",
    "url": "https://www.coles.com.au/product/coles-perform-lean-black-pepper-beef-330g-6630395",
    "img": "https://productimages.coles.com.au/productimages/6/6630395.jpg",
    "price": 9.5,
    "quantity": 0.33,
    "unitPrice": 28.8
  },
  {
    "name": "Perform Balanced Pesto Chicken Pasta",
    "url": "https://www.coles.com.au/product/coles-perform-balanced-pesto-chicken-pasta-330g-6630613",
    "img": "https://productimages.coles.com.au/productimages/6/6630613.jpg",
    "price": 9.5,
    "quantity": 0.33,
    "unitPrice": 28.8
  },
  {
    "name": "Woolworths Caramel Bar Slice",
    "url": "https://www.woolworths.com.au/shop/productdetails/61194",
    "img": "https://cdn0.woolworths.media/content/wowproductimages/medium/061194.jpg",
    "price": 7.5,
    "quantity": 0.26,
    "unitPrice": 28.8
  },
  {
    "name": "Easiyo Greek Style Unsweetened Yogurt Base",
    "url": "https://www.woolworths.com.au/shop/productdetails/118746",
    "img": "https://cdn0.woolworths.media/content/wowproductimages/medium/118746.jpg",
    "price": 4.9,
    "quantity": 0.17,
    "unitPrice": 28.8
  },
  {
    "name": "Angas Park Diced Prunes",
    "url": "https://www.woolworths.com.au/shop/productdetails/174349",
    "img": "https://cdn0.woolworths.media/content/wowproductimages/medium/174349.jpg",
    "price": 3.6,
    "quantity": 0.125,
    "unitPrice": 28.8
  },
  {
    "name": "Woolworths Diced Lamb",
    "url": "https://www.woolworths.com.au/shop/productdetails/72363",
    "img": "https://cdn0.woolworths.media/content/wowproductimages/medium/072363.jpg",
    "price": 13,
    "quantity": 0.45,
    "unitPrice": 28.89
  },
  {
    "name": "Christmas Cake Slices 6 pack",
    "url": "https://www.coles.com.au/product/mr-kipling-christmas-cake-slices-6-pack-225g-5310050",
    "img": "https://productimages.coles.com.au/productimages/5/5310050.jpg",
    "price": 6.5,
    "quantity": 0.225,
    "unitPrice": 28.9
  },
  {
    "name": "Mini Tart Shells",
    "url": "https://www.coles.com.au/product/coles-mini-tart-shells-190g-5436422",
    "img": "https://productimages.coles.com.au/productimages/5/5436422.jpg",
    "price": 5.5,
    "quantity": 0.19,
    "unitPrice": 28.9
  },
  {
    "name": "John West Tuna Spread",
    "url": "https://www.woolworths.com.au/shop/productdetails/36278",
    "img": "https://cdn0.woolworths.media/content/wowproductimages/medium/036278.jpg",
    "price": 2.75,
    "quantity": 0.095,
    "unitPrice": 28.9
  },
  {
    "name": "Cheese Spread",
    "url": "https://www.coles.com.au/product/the-laughing-cow-cheese-spread-128g-7646109",
    "img": "https://productimages.coles.com.au/productimages/7/7646109.jpg",
    "price": 3.7,
    "quantity": 0.128,
    "unitPrice": 28.91
  },
  {
    "name": "Light Less Fat Cheese Spread",
    "url": "https://www.coles.com.au/product/the-laughing-cow-light-less-fat-cheese-spread-128g-7646266",
    "img": "https://productimages.coles.com.au/productimages/7/7646266.jpg",
    "price": 3.7,
    "quantity": 0.128,
    "unitPrice": 28.91
  },
  {
    "name": "Cheese Spread",
    "url": "https://www.coles.com.au/product/the-laughing-cow-cheese-spread-128g-7646109",
    "img": "https://productimages.coles.com.au/productimages/7/7646109.jpg",
    "price": 3.7,
    "quantity": 0.128,
    "unitPrice": 28.91
  },
  {
    "name": "Light Less Fat Cheese Spread",
    "url": "https://www.coles.com.au/product/the-laughing-cow-light-less-fat-cheese-spread-128g-7646266",
    "img": "https://productimages.coles.com.au/productimages/7/7646266.jpg",
    "price": 3.7,
    "quantity": 0.128,
    "unitPrice": 28.91
  },
  {
    "name": "Safcol Wild Alaskan Red Salmon",
    "url": "https://www.woolworths.com.au/shop/productdetails/333413",
    "img": "https://cdn0.woolworths.media/content/wowproductimages/medium/333413.jpg",
    "price": 12,
    "quantity": 0.415,
    "unitPrice": 28.92
  },
  {
    "name": "Thawed Cooked Peeled Prawn Cutlets",
    "url": "https://www.coles.com.au/product/coles-deli-thawed-cooked-peeled-prawn-cutlets-approx.-250g-2210208",
    "img": "https://productimages.coles.com.au/productimages/2/2210208.jpg",
    "price": 7.25,
    "quantity": 0.25,
    "unitPrice": 29
  },
  {
    "name": "Thawed Cooked Peeled Prawn Cutlets",
    "url": "https://www.coles.com.au/product/coles-deli-thawed-cooked-peeled-prawn-cutlets-approx.-250g-2210208",
    "img": "https://productimages.coles.com.au/productimages/2/2210208.jpg",
    "price": 7.25,
    "quantity": 0.25,
    "unitPrice": 29
  },
  {
    "name": "Thawed Cooked Peeled Prawn Cutlets",
    "url": "https://www.coles.com.au/product/coles-deli-thawed-cooked-peeled-prawn-cutlets-1kg-2210591",
    "img": "https://productimages.coles.com.au/productimages/2/2210591.jpg",
    "price": 29,
    "quantity": 1,
    "unitPrice": 29
  },
  {
    "name": "Flakes Almond",
    "url": "https://www.coles.com.au/product/coles-flakes-almond-150g-2749421",
    "img": "https://productimages.coles.com.au/productimages/2/2749421.jpg",
    "price": 4.35,
    "quantity": 0.15,
    "unitPrice": 29
  },
  {
    "name": "Slivered Almond",
    "url": "https://www.coles.com.au/product/coles-slivered-almond-150g-2749432",
    "img": "https://productimages.coles.com.au/productimages/2/2749432.jpg",
    "price": 4.35,
    "quantity": 0.15,
    "unitPrice": 29
  },
  {
    "name": "Flakes Almond",
    "url": "https://www.coles.com.au/product/coles-flakes-almond-150g-2749421",
    "img": "https://productimages.coles.com.au/productimages/2/2749421.jpg",
    "price": 4.35,
    "quantity": 0.15,
    "unitPrice": 29
  },
  {
    "name": "Slivered Almond",
    "url": "https://www.coles.com.au/product/coles-slivered-almond-150g-2749432",
    "img": "https://productimages.coles.com.au/productimages/2/2749432.jpg",
    "price": 4.35,
    "quantity": 0.15,
    "unitPrice": 29
  },
  {
    "name": "Corned Beef Original Canned Meat",
    "url": "https://www.coles.com.au/product/hamper-corned-beef-original-canned-meat-200g-7230042",
    "img": "https://productimages.coles.com.au/productimages/7/7230042.jpg",
    "price": 5.8,
    "quantity": 0.2,
    "unitPrice": 29
  },
  {
    "name": "Fusian Instant Cup Noodles Japanese Teriyaki",
    "url": "https://www.coles.com.au/product/maggi-fusian-instant-cup-noodles-japanese-teriyaki-62g-3915457",
    "img": "https://productimages.coles.com.au/productimages/3/3915457.jpg",
    "price": 1.8,
    "quantity": 0.062,
    "unitPrice": 29
  },
  {
    "name": "Hungarian Sweet Paprika ",
    "url": "https://www.coles.com.au/product/hoyts-hungarian-sweet-paprika--100g-286956",
    "img": "https://productimages.coles.com.au/productimages/2/286956.jpg",
    "price": 2.85,
    "quantity": 0.1,
    "unitPrice": 29
  },
  {
    "name": "Himalayan Salt Grinder",
    "url": "https://www.coles.com.au/product/coles-himalayan-salt-grinder-103g-4448109",
    "img": "https://productimages.coles.com.au/productimages/4/4448109.jpg",
    "price": 2.95,
    "quantity": 0.103,
    "unitPrice": 29
  },
  {
    "name": "7 Bouillon Cubes Beef Style",
    "url": "https://www.coles.com.au/product/massel-7-bouillon-cubes-beef-style-35g-1814142",
    "img": "https://productimages.coles.com.au/productimages/1/1814142.jpg",
    "price": 1,
    "quantity": 0.035,
    "unitPrice": 29
  },
  {
    "name": "7 Bouillon Cubes Chicken Style",
    "url": "https://www.coles.com.au/product/massel-7-bouillon-cubes-chicken-style-35g-1814153",
    "img": "https://productimages.coles.com.au/productimages/1/1814153.jpg",
    "price": 1,
    "quantity": 0.035,
    "unitPrice": 29
  },
  {
    "name": "Raw Prawn",
    "url": "https://www.coles.com.au/product/kb's-raw-prawn-1kg-3984438",
    "img": "https://productimages.coles.com.au/productimages/3/3984438.jpg",
    "price": 29,
    "quantity": 1,
    "unitPrice": 29
  },
  {
    "name": "Frozen Ristorante Pepperoni Pizza",
    "url": "https://www.coles.com.au/product/dr.-oetker-frozen-ristorante-pepperoni-pizza-310g-8634943",
    "img": "https://productimages.coles.com.au/productimages/8/8634943.jpg",
    "price": 9,
    "quantity": 0.31,
    "unitPrice": 29
  },
  {
    "name": "Raw Prawn",
    "url": "https://www.coles.com.au/product/kb's-raw-prawn-1kg-3984438",
    "img": "https://productimages.coles.com.au/productimages/3/3984438.jpg",
    "price": 29,
    "quantity": 1,
    "unitPrice": 29
  },
  {
    "name": "Frozen Ristorante Pepperoni Pizza",
    "url": "https://www.coles.com.au/product/dr.-oetker-frozen-ristorante-pepperoni-pizza-310g-8634943",
    "img": "https://productimages.coles.com.au/productimages/8/8634943.jpg",
    "price": 9,
    "quantity": 0.31,
    "unitPrice": 29
  },
  {
    "name": "Thawed Cooked Peeled Prawn Cutlets",
    "url": "https://www.coles.com.au/product/coles-deli-thawed-cooked-peeled-prawn-cutlets-approx.-250g-2210208",
    "img": "https://productimages.coles.com.au/productimages/2/2210208.jpg",
    "price": 7.25,
    "quantity": 0.25,
    "unitPrice": 29
  },
  {
    "name": "Thawed Cooked Peeled Prawn Cutlets",
    "url": "https://www.coles.com.au/product/coles-deli-thawed-cooked-peeled-prawn-cutlets-approx.-250g-2210208",
    "img": "https://productimages.coles.com.au/productimages/2/2210208.jpg",
    "price": 7.25,
    "quantity": 0.25,
    "unitPrice": 29
  },
  {
    "name": "Brunswick Original Kipper",
    "url": "https://www.woolworths.com.au/shop/productdetails/35976",
    "img": "https://cdn0.woolworths.media/content/wowproductimages/medium/035976.jpg",
    "price": 2.9,
    "quantity": 0.1,
    "unitPrice": 29
  },
  {
    "name": "Coco Earth Premium Liquid Coconut Oil",
    "url": "https://www.woolworths.com.au/shop/productdetails/937713",
    "img": "https://cdn0.woolworths.media/content/wowproductimages/medium/937713.jpg",
    "price": 14.5,
    "quantity": 0.5,
    "unitPrice": 29
  },
  {
    "name": "Thawed Marinated Garlic Prawn",
    "url": "https://www.woolworths.com.au/shop/productdetails/91597",
    "img": "https://cdn0.woolworths.media/content/wowproductimages/medium/091597.jpg",
    "price": 29,
    "quantity": 1,
    "unitPrice": 29
  },
  {
    "name": "Raw Prawns Tiger Extra Large",
    "url": "https://www.woolworths.com.au/shop/productdetails/786199",
    "img": "https://cdn0.woolworths.media/content/wowproductimages/medium/786199.jpg",
    "price": 29,
    "quantity": 1,
    "unitPrice": 29
  },
  {
    "name": "Tibaldi Ham Off The Bone",
    "url": "https://www.woolworths.com.au/shop/productdetails/294972",
    "img": "https://cdn0.woolworths.media/content/wowproductimages/medium/294972.jpg",
    "price": 14.5,
    "quantity": 0.5,
    "unitPrice": 29
  },
  {
    "name": "Primo Speck Portion",
    "url": "https://www.woolworths.com.au/shop/productdetails/328044",
    "img": "https://cdn0.woolworths.media/content/wowproductimages/medium/328044.jpg",
    "price": 11.02,
    "quantity": 0.38,
    "unitPrice": 29
  },
  {
    "name": "Woolworths Pink Himalayan Salt Grinder",
    "url": "https://www.woolworths.com.au/shop/productdetails/887994",
    "img": "https://cdn0.woolworths.media/content/wowproductimages/medium/887994.jpg",
    "price": 3.15,
    "quantity": 0.11,
    "unitPrice": 29
  },
  {
    "name": "Hoyts Paprika Sweet",
    "url": "https://www.woolworths.com.au/shop/productdetails/94613",
    "img": "https://cdn0.woolworths.media/content/wowproductimages/medium/094613.jpg",
    "price": 2.85,
    "quantity": 0.1,
    "unitPrice": 29
  },
  {
    "name": "Layer Sardines in Tomato Sauce",
    "url": "https://www.coles.com.au/product/king-oscar-layer-sardines-in-tomato-sauce-105g-124885",
    "img": "https://productimages.coles.com.au/productimages/1/124885.jpg",
    "price": 3.05,
    "quantity": 0.105,
    "unitPrice": 29.05
  },
  {
    "name": "Festive Matured Christmas Pudding Small",
    "url": "https://www.coles.com.au/product/coles-festive-matured-christmas-pudding-small-110g-2756020",
    "img": "https://productimages.coles.com.au/productimages/2/2756020.jpg",
    "price": 3.2,
    "quantity": 0.11,
    "unitPrice": 29.1
  },
  {
    "name": "Express Green Olives & Danish Fetta",
    "url": "https://www.coles.com.au/product/coles-deli-express-green-olives-&-danish-fetta-120g-3209714",
    "img": "https://productimages.coles.com.au/productimages/3/3209714.jpg",
    "price": 3.5,
    "quantity": 0.12,
    "unitPrice": 29.17
  },
  {
    "name": "Baby Bell Peppers Cream Cheese",
    "url": "https://www.coles.com.au/product/coles-baby-bell-peppers-cream-cheese-120g-6481579",
    "img": "https://productimages.coles.com.au/productimages/6/6481579.jpg",
    "price": 3.5,
    "quantity": 0.12,
    "unitPrice": 29.17
  },
  {
    "name": "Antipasto Mix",
    "url": "https://www.coles.com.au/product/coles-antipasto-mix-120g-6483596",
    "img": "https://productimages.coles.com.au/productimages/6/6483596.jpg",
    "price": 3.5,
    "quantity": 0.12,
    "unitPrice": 29.17
  },
  {
    "name": "Mackerel Fillets In Olive Oil Skinless and Boneless",
    "url": "https://www.coles.com.au/product/sole-mare-mackerel-fillets-in-olive-oil-skinless-and-boneless-120g-2509825",
    "img": "https://productimages.coles.com.au/productimages/2/2509825.jpg",
    "price": 3.5,
    "quantity": 0.12,
    "unitPrice": 29.17
  },
  {
    "name": "Lemon & Pepper Squid",
    "url": "https://www.coles.com.au/product/kb-lemon-&-pepper-squid-360g-3615613",
    "img": "https://productimages.coles.com.au/productimages/3/3615613.jpg",
    "price": 10.5,
    "quantity": 0.36,
    "unitPrice": 29.17
  },
  {
    "name": "Salt & Pepper Squid",
    "url": "https://www.coles.com.au/product/kb-salt-&-pepper-squid-360g-3615635",
    "img": "https://productimages.coles.com.au/productimages/3/3615635.jpg",
    "price": 10.5,
    "quantity": 0.36,
    "unitPrice": 29.17
  },
  {
    "name": "Panko Crumb Squid",
    "url": "https://www.coles.com.au/product/kb-panko-crumb-squid-360g-3615646",
    "img": "https://productimages.coles.com.au/productimages/3/3615646.jpg",
    "price": 10.5,
    "quantity": 0.36,
    "unitPrice": 29.17
  },
  {
    "name": "Chili & Lime Squid Rings",
    "url": "https://www.coles.com.au/product/kb's-chili-&-lime-squid-rings-360g-5489473",
    "img": "https://productimages.coles.com.au/productimages/5/5489473.jpg",
    "price": 10.5,
    "quantity": 0.36,
    "unitPrice": 29.17
  },
  {
    "name": "Lemon & Pepper Squid",
    "url": "https://www.coles.com.au/product/kb-lemon-&-pepper-squid-360g-3615613",
    "img": "https://productimages.coles.com.au/productimages/3/3615613.jpg",
    "price": 10.5,
    "quantity": 0.36,
    "unitPrice": 29.17
  },
  {
    "name": "Salt & Pepper Squid",
    "url": "https://www.coles.com.au/product/kb-salt-&-pepper-squid-360g-3615635",
    "img": "https://productimages.coles.com.au/productimages/3/3615635.jpg",
    "price": 10.5,
    "quantity": 0.36,
    "unitPrice": 29.17
  },
  {
    "name": "Panko Crumb Squid",
    "url": "https://www.coles.com.au/product/kb-panko-crumb-squid-360g-3615646",
    "img": "https://productimages.coles.com.au/productimages/3/3615646.jpg",
    "price": 10.5,
    "quantity": 0.36,
    "unitPrice": 29.17
  },
  {
    "name": "Chili & Lime Squid Rings",
    "url": "https://www.coles.com.au/product/kb's-chili-&-lime-squid-rings-360g-5489473",
    "img": "https://productimages.coles.com.au/productimages/5/5489473.jpg",
    "price": 10.5,
    "quantity": 0.36,
    "unitPrice": 29.17
  },
  {
    "name": "Woolworths Almonds Slivered",
    "url": "https://www.woolworths.com.au/shop/productdetails/726350",
    "img": "https://cdn0.woolworths.media/content/wowproductimages/medium/726350.jpg",
    "price": 3.5,
    "quantity": 0.12,
    "unitPrice": 29.17
  },
  {
    "name": "Woolworths Almonds Flaked",
    "url": "https://www.woolworths.com.au/shop/productdetails/726280",
    "img": "https://cdn0.woolworths.media/content/wowproductimages/medium/726280.jpg",
    "price": 3.5,
    "quantity": 0.12,
    "unitPrice": 29.17
  },
  {
    "name": "Gluten Free Crumpet",
    "url": "https://www.coles.com.au/product/liberate-gluten-free-crumpet-240g-3751724",
    "img": "https://productimages.coles.com.au/productimages/3/3751724.jpg",
    "price": 7,
    "quantity": 0.24,
    "unitPrice": 29.2
  },
  {
    "name": "95% Sugar Free Banana Bread Slices",
    "url": "https://www.coles.com.au/product/noshu-95%-sugar-free-banana-bread-slices-240g-5111440",
    "img": "https://productimages.coles.com.au/productimages/5/5111440.jpg",
    "price": 7,
    "quantity": 0.24,
    "unitPrice": 29.2
  },
  {
    "name": "Aloo Tiki",
    "url": "https://www.coles.com.au/product/sabrini-aloo-tiki-240g-3775121",
    "img": "https://productimages.coles.com.au/productimages/3/3775121.jpg",
    "price": 7,
    "quantity": 0.24,
    "unitPrice": 29.2
  },
  {
    "name": "Ice Cream Mini Dulce De Leche 6Pack",
    "url": "https://www.coles.com.au/product/magnum-ice-cream-mini-dulce-de-leche-6pack-360ml-3123459",
    "img": "https://productimages.coles.com.au/productimages/3/3123459.jpg",
    "price": 10.5,
    "quantity": 0.36,
    "unitPrice": 29.2
  },
  {
    "name": "Ice Cream Tahiti Passionfruit White Choc 4 Pack",
    "url": "https://www.coles.com.au/product/magnum-ice-cream-tahiti-passionfruit-white-choc-4-pack-360ml-4464138",
    "img": "https://productimages.coles.com.au/productimages/4/4464138.jpg",
    "price": 10.5,
    "quantity": 0.36,
    "unitPrice": 29.2
  },
  {
    "name": "Chocolate Classic Remix Ice Cream 4 Pack",
    "url": "https://www.coles.com.au/product/magnum-chocolate-classic-remix-ice-cream-4-pack-360ml-5483025",
    "img": "https://productimages.coles.com.au/productimages/5/5483025.jpg",
    "price": 10.5,
    "quantity": 0.36,
    "unitPrice": 29.2
  },
  {
    "name": "Gold Almond Remix Ice Cream 4 Pack",
    "url": "https://www.coles.com.au/product/magnum-gold-almond-remix-ice-cream-4-pack-360ml-5483047",
    "img": "https://productimages.coles.com.au/productimages/5/5483047.jpg",
    "price": 10.5,
    "quantity": 0.36,
    "unitPrice": 29.2
  },
  {
    "name": "Berry & White Chocolate Remix Ice Cream 4 Pack",
    "url": "https://www.coles.com.au/product/magnum-berry-&-white-chocolate-remix-ice-cream-4-pack-360ml-5483058",
    "img": "https://productimages.coles.com.au/productimages/5/5483058.jpg",
    "price": 10.5,
    "quantity": 0.36,
    "unitPrice": 29.2
  },
  {
    "name": "Ice Cream Mini Classic 6Pack",
    "url": "https://www.coles.com.au/product/magnum-ice-cream-mini-classic-6pack-360ml-9091344",
    "img": "https://productimages.coles.com.au/productimages/9/9091344.jpg",
    "price": 10.5,
    "quantity": 0.36,
    "unitPrice": 29.2
  },
  {
    "name": "Ice Cream Mini Almond 6Pack",
    "url": "https://www.coles.com.au/product/magnum-ice-cream-mini-almond-6pack-360ml-9091672",
    "img": "https://productimages.coles.com.au/productimages/9/9091672.jpg",
    "price": 10.5,
    "quantity": 0.36,
    "unitPrice": 29.2
  },
  {
    "name": "Aloo Tiki",
    "url": "https://www.coles.com.au/product/sabrini-aloo-tiki-240g-3775121",
    "img": "https://productimages.coles.com.au/productimages/3/3775121.jpg",
    "price": 7,
    "quantity": 0.24,
    "unitPrice": 29.2
  },
  {
    "name": "Ice Cream Mini Dulce De Leche 6Pack",
    "url": "https://www.coles.com.au/product/magnum-ice-cream-mini-dulce-de-leche-6pack-360ml-3123459",
    "img": "https://productimages.coles.com.au/productimages/3/3123459.jpg",
    "price": 10.5,
    "quantity": 0.36,
    "unitPrice": 29.2
  },
  {
    "name": "Ice Cream Tahiti Passionfruit White Choc 4 Pack",
    "url": "https://www.coles.com.au/product/magnum-ice-cream-tahiti-passionfruit-white-choc-4-pack-360ml-4464138",
    "img": "https://productimages.coles.com.au/productimages/4/4464138.jpg",
    "price": 10.5,
    "quantity": 0.36,
    "unitPrice": 29.2
  },
  {
    "name": "Chocolate Classic Remix Ice Cream 4 Pack",
    "url": "https://www.coles.com.au/product/magnum-chocolate-classic-remix-ice-cream-4-pack-360ml-5483025",
    "img": "https://productimages.coles.com.au/productimages/5/5483025.jpg",
    "price": 10.5,
    "quantity": 0.36,
    "unitPrice": 29.2
  },
  {
    "name": "Gold Almond Remix Ice Cream 4 Pack",
    "url": "https://www.coles.com.au/product/magnum-gold-almond-remix-ice-cream-4-pack-360ml-5483047",
    "img": "https://productimages.coles.com.au/productimages/5/5483047.jpg",
    "price": 10.5,
    "quantity": 0.36,
    "unitPrice": 29.2
  },
  {
    "name": "Berry & White Chocolate Remix Ice Cream 4 Pack",
    "url": "https://www.coles.com.au/product/magnum-berry-&-white-chocolate-remix-ice-cream-4-pack-360ml-5483058",
    "img": "https://productimages.coles.com.au/productimages/5/5483058.jpg",
    "price": 10.5,
    "quantity": 0.36,
    "unitPrice": 29.2
  },
  {
    "name": "Ice Cream Mini Classic 6Pack",
    "url": "https://www.coles.com.au/product/magnum-ice-cream-mini-classic-6pack-360ml-9091344",
    "img": "https://productimages.coles.com.au/productimages/9/9091344.jpg",
    "price": 10.5,
    "quantity": 0.36,
    "unitPrice": 29.2
  },
  {
    "name": "Ice Cream Mini Almond 6Pack",
    "url": "https://www.coles.com.au/product/magnum-ice-cream-mini-almond-6pack-360ml-9091672",
    "img": "https://productimages.coles.com.au/productimages/9/9091672.jpg",
    "price": 10.5,
    "quantity": 0.36,
    "unitPrice": 29.2
  },
  {
    "name": "Noshu Sugar Free Banana Bread",
    "url": "https://www.woolworths.com.au/shop/productdetails/242149",
    "img": "https://cdn0.woolworths.media/content/wowproductimages/medium/242149.jpg",
    "price": 7,
    "quantity": 0.24,
    "unitPrice": 29.2
  },
  {
    "name": "Turkish Delight With Rose & Almond",
    "url": "https://www.coles.com.au/product/olympian-turkish-delight-with-rose-&-almond-300g-3083332",
    "img": "https://productimages.coles.com.au/productimages/3/3083332.jpg",
    "price": 8.8,
    "quantity": 0.3,
    "unitPrice": 29.3
  },
  {
    "name": "Turkish Delight With Rose & Almond",
    "url": "https://www.coles.com.au/product/olympian-turkish-delight-with-rose-&-almond-300g-3083332",
    "img": "https://productimages.coles.com.au/productimages/3/3083332.jpg",
    "price": 8.8,
    "quantity": 0.3,
    "unitPrice": 29.3
  },
  {
    "name": "Plenty Cold Pressed Flaxseed Oil",
    "url": "https://www.woolworths.com.au/shop/productdetails/137539",
    "img": "https://cdn0.woolworths.media/content/wowproductimages/medium/137539.jpg",
    "price": 11,
    "quantity": 0.375,
    "unitPrice": 29.3
  },
  {
    "name": "Festive Chocolate Dipped Biscuits",
    "url": "https://www.coles.com.au/product/coles-festive-chocolate-dipped-biscuits-170g-4329879",
    "img": "https://productimages.coles.com.au/productimages/4/4329879.jpg",
    "price": 5,
    "quantity": 0.17,
    "unitPrice": 29.4
  },
  {
    "name": "Dinner Winner Pasta Beef",
    "url": "https://www.woolworths.com.au/shop/productdetails/606763",
    "img": "https://cdn0.woolworths.media/content/wowproductimages/medium/606763.jpg",
    "price": 4.5,
    "quantity": 0.153,
    "unitPrice": 29.4
  },
  {
    "name": "Capilano 100% Pure Australian Honey Active Manuka Mgo30+ Squeeze",
    "url": "https://www.woolworths.com.au/shop/productdetails/579712",
    "img": "https://cdn0.woolworths.media/content/wowproductimages/medium/579712.jpg",
    "price": 10,
    "quantity": 0.34,
    "unitPrice": 29.4
  },
  {
    "name": "Burgers Smokey Cauliflower",
    "url": "https://www.coles.com.au/product/wildly-good-burgers-smokey-cauliflower-220g-6766808",
    "img": "https://productimages.coles.com.au/productimages/6/6766808.jpg",
    "price": 6.5,
    "quantity": 0.22,
    "unitPrice": 29.5
  },
  {
    "name": "Burgers Beetroot Black Bean",
    "url": "https://www.coles.com.au/product/wildly-good--burgers-beetroot-black-bean-220g-6767243",
    "img": "https://productimages.coles.com.au/productimages/6/6767243.jpg",
    "price": 6.5,
    "quantity": 0.22,
    "unitPrice": 29.5
  },
  {
    "name": "Burgers Smokey Cauliflower",
    "url": "https://www.coles.com.au/product/wildly-good-burgers-smokey-cauliflower-220g-6766808",
    "img": "https://productimages.coles.com.au/productimages/6/6766808.jpg",
    "price": 6.5,
    "quantity": 0.22,
    "unitPrice": 29.5
  },
  {
    "name": "Burgers Beetroot Black Bean",
    "url": "https://www.coles.com.au/product/wildly-good--burgers-beetroot-black-bean-220g-6767243",
    "img": "https://productimages.coles.com.au/productimages/6/6767243.jpg",
    "price": 6.5,
    "quantity": 0.22,
    "unitPrice": 29.5
  },
  {
    "name": "Burgers Original Veggie",
    "url": "https://www.coles.com.au/product/wildly-good-burgers-original-veggie-220g-6767254",
    "img": "https://productimages.coles.com.au/productimages/6/6767254.jpg",
    "price": 6.5,
    "quantity": 0.22,
    "unitPrice": 29.5
  },
  {
    "name": "Pumpkin And Caramleised Onion",
    "url": "https://www.coles.com.au/product/wildly-good-pumpkin-and-caramleised-onion-220g-6767265",
    "img": "https://productimages.coles.com.au/productimages/6/6767265.jpg",
    "price": 6.5,
    "quantity": 0.22,
    "unitPrice": 29.5
  },
  {
    "name": "Luxury Jewelled Fruit Cake Small",
    "url": "https://www.coles.com.au/product/coles-finest-luxury-jewelled-fruit-cake-small-220g-5544695",
    "img": "https://productimages.coles.com.au/productimages/5/5544695.jpg",
    "price": 6.5,
    "quantity": 0.22,
    "unitPrice": 29.5
  },
  {
    "name": "Artisan Cheese Fior Di Latte",
    "url": "https://www.coles.com.au/product/giorgio's-artisan-cheese-fior-di-latte-approx.-100g-3905205",
    "img": "https://productimages.coles.com.au/productimages/3/3905205.jpg",
    "price": 2.95,
    "quantity": 0.1,
    "unitPrice": 29.5
  },
  {
    "name": "Natural Hickory Smoked Leg Ham",
    "url": "https://www.coles.com.au/product/bertocchi-natural-hickory-smoked-leg-ham-approx.-100g-7103680",
    "img": "https://productimages.coles.com.au/productimages/7/7103680.jpg",
    "price": 2.95,
    "quantity": 0.1,
    "unitPrice": 29.5
  },
  {
    "name": "Slow Cooked Beef Pies 2 Pack",
    "url": "https://www.coles.com.au/product/charlotte's-bakery-slow-cooked-beef-pies-2-pack-400g-5139686",
    "img": "https://productimages.coles.com.au/productimages/5/5139686.jpg",
    "price": 11.8,
    "quantity": 0.4,
    "unitPrice": 29.5
  },
  {
    "name": "Slow Cooked Steak & Pepper Pies 2 pack",
    "url": "https://www.coles.com.au/product/charlotte's-bakery-slow-cooked-steak-&-pepper-pies-2-pack-400g-5139890",
    "img": "https://productimages.coles.com.au/productimages/5/5139890.jpg",
    "price": 11.8,
    "quantity": 0.4,
    "unitPrice": 29.5
  },
  {
    "name": "Slow Cooked Steak & Mushroom Pies 2 Pack",
    "url": "https://www.coles.com.au/product/charlotte's-bakery-slow-cooked-steak-&-mushroom-pies-2-pack-400g-5140550",
    "img": "https://productimages.coles.com.au/productimages/5/5140550.jpg",
    "price": 11.8,
    "quantity": 0.4,
    "unitPrice": 29.5
  },
  {
    "name": "Slow Cooked Beef & Ale Potato Top Pies 2 Pack",
    "url": "https://www.coles.com.au/product/charlotte's-bakery-slow-cooked-beef-&-ale-potato-top-pies-2-pack-400g-5141779",
    "img": "https://productimages.coles.com.au/productimages/5/5141779.jpg",
    "price": 11.8,
    "quantity": 0.4,
    "unitPrice": 29.5
  },
  {
    "name": "Chunky Chicken & Leek Pie 2 Pack",
    "url": "https://www.coles.com.au/product/charlotte's-bakery-chunky-chicken-&-leek-pie-2-pack-400g-5141950",
    "img": "https://productimages.coles.com.au/productimages/5/5141950.jpg",
    "price": 11.8,
    "quantity": 0.4,
    "unitPrice": 29.5
  },
  {
    "name": "Slow Cooked Beef Shiraz & Onion Pies 2 Pack",
    "url": "https://www.coles.com.au/product/charlotte's-bakery-slow-cooked-beef-shiraz-&-onion-pies-2-pack-400g-5142046",
    "img": "https://productimages.coles.com.au/productimages/5/5142046.jpg",
    "price": 11.8,
    "quantity": 0.4,
    "unitPrice": 29.5
  },
  {
    "name": "Belgian Chocolate Ice Cream Tub",
    "url": "https://www.coles.com.au/product/haagen-dazs-belgian-chocolate-ice-cream-tub-457ml-2752674",
    "img": "https://productimages.coles.com.au/productimages/2/2752674.jpg",
    "price": 13.5,
    "quantity": 0.457,
    "unitPrice": 29.5
  },
  {
    "name": "Vanilla Ice Cream Tubs",
    "url": "https://www.coles.com.au/product/haagen-dazs-vanilla-ice-cream-tubs-457ml-2752685",
    "img": "https://productimages.coles.com.au/productimages/2/2752685.jpg",
    "price": 13.5,
    "quantity": 0.457,
    "unitPrice": 29.5
  },
  {
    "name": "Salted Caramel Ice Cream Tubs",
    "url": "https://www.coles.com.au/product/haagen-dazs-salted-caramel-ice-cream-tubs-457ml-2752700",
    "img": "https://productimages.coles.com.au/productimages/2/2752700.jpg",
    "price": 13.5,
    "quantity": 0.457,
    "unitPrice": 29.5
  },
  {
    "name": "Strawberries And Cream Ice Cream",
    "url": "https://www.coles.com.au/product/haagen-dazs-strawberries-and-cream-ice-cream-457ml-2983837",
    "img": "https://productimages.coles.com.au/productimages/2/2983837.jpg",
    "price": 13.5,
    "quantity": 0.457,
    "unitPrice": 29.5
  },
  {
    "name": "Cookies & Cream Ice Cream Tub",
    "url": "https://www.coles.com.au/product/haagen-dazs-cookies-&-cream-ice-cream-tub-457ml-2983848",
    "img": "https://productimages.coles.com.au/productimages/2/2983848.jpg",
    "price": 13.5,
    "quantity": 0.457,
    "unitPrice": 29.5
  },
  {
    "name": "Mango & Raspberry Ice Cream Tub",
    "url": "https://www.coles.com.au/product/haagen-dazs-mango-&-raspberry-ice-cream-tub-457ml-3125080",
    "img": "https://productimages.coles.com.au/productimages/3/3125080.jpg",
    "price": 13.5,
    "quantity": 0.457,
    "unitPrice": 29.5
  },
  {
    "name": "Caramel Biscuit & Cream Ice Cream Tub",
    "url": "https://www.coles.com.au/product/haagen-dazs-caramel-biscuit-&-cream-ice-cream-tub-457ml-5019458",
    "img": "https://productimages.coles.com.au/productimages/5/5019458.jpg",
    "price": 13.5,
    "quantity": 0.457,
    "unitPrice": 29.5
  },
  {
    "name": "Slow Cooked Beef Pies 2 Pack",
    "url": "https://www.coles.com.au/product/charlotte's-bakery-slow-cooked-beef-pies-2-pack-400g-5139686",
    "img": "https://productimages.coles.com.au/productimages/5/5139686.jpg",
    "price": 11.8,
    "quantity": 0.4,
    "unitPrice": 29.5
  },
  {
    "name": "Slow Cooked Steak & Pepper Pies 2 pack",
    "url": "https://www.coles.com.au/product/charlotte's-bakery-slow-cooked-steak-&-pepper-pies-2-pack-400g-5139890",
    "img": "https://productimages.coles.com.au/productimages/5/5139890.jpg",
    "price": 11.8,
    "quantity": 0.4,
    "unitPrice": 29.5
  },
  {
    "name": "Slow Cooked Steak & Mushroom Pies 2 Pack",
    "url": "https://www.coles.com.au/product/charlotte's-bakery-slow-cooked-steak-&-mushroom-pies-2-pack-400g-5140550",
    "img": "https://productimages.coles.com.au/productimages/5/5140550.jpg",
    "price": 11.8,
    "quantity": 0.4,
    "unitPrice": 29.5
  },
  {
    "name": "Slow Cooked Beef & Ale Potato Top Pies 2 Pack",
    "url": "https://www.coles.com.au/product/charlotte's-bakery-slow-cooked-beef-&-ale-potato-top-pies-2-pack-400g-5141779",
    "img": "https://productimages.coles.com.au/productimages/5/5141779.jpg",
    "price": 11.8,
    "quantity": 0.4,
    "unitPrice": 29.5
  },
  {
    "name": "Chunky Chicken & Leek Pie 2 Pack",
    "url": "https://www.coles.com.au/product/charlotte's-bakery-chunky-chicken-&-leek-pie-2-pack-400g-5141950",
    "img": "https://productimages.coles.com.au/productimages/5/5141950.jpg",
    "price": 11.8,
    "quantity": 0.4,
    "unitPrice": 29.5
  },
  {
    "name": "Slow Cooked Beef Shiraz & Onion Pies 2 Pack",
    "url": "https://www.coles.com.au/product/charlotte's-bakery-slow-cooked-beef-shiraz-&-onion-pies-2-pack-400g-5142046",
    "img": "https://productimages.coles.com.au/productimages/5/5142046.jpg",
    "price": 11.8,
    "quantity": 0.4,
    "unitPrice": 29.5
  },
  {
    "name": "Belgian Chocolate Ice Cream Tub",
    "url": "https://www.coles.com.au/product/haagen-dazs-belgian-chocolate-ice-cream-tub-457ml-2752674",
    "img": "https://productimages.coles.com.au/productimages/2/2752674.jpg",
    "price": 13.5,
    "quantity": 0.457,
    "unitPrice": 29.5
  },
  {
    "name": "Vanilla Ice Cream Tubs",
    "url": "https://www.coles.com.au/product/haagen-dazs-vanilla-ice-cream-tubs-457ml-2752685",
    "img": "https://productimages.coles.com.au/productimages/2/2752685.jpg",
    "price": 13.5,
    "quantity": 0.457,
    "unitPrice": 29.5
  },
  {
    "name": "Salted Caramel Ice Cream Tubs",
    "url": "https://www.coles.com.au/product/haagen-dazs-salted-caramel-ice-cream-tubs-457ml-2752700",
    "img": "https://productimages.coles.com.au/productimages/2/2752700.jpg",
    "price": 13.5,
    "quantity": 0.457,
    "unitPrice": 29.5
  },
  {
    "name": "Strawberries And Cream Ice Cream",
    "url": "https://www.coles.com.au/product/haagen-dazs-strawberries-and-cream-ice-cream-457ml-2983837",
    "img": "https://productimages.coles.com.au/productimages/2/2983837.jpg",
    "price": 13.5,
    "quantity": 0.457,
    "unitPrice": 29.5
  },
  {
    "name": "Woolworths Free From Gluten Dairy Free Chocolate Cheesecake",
    "url": "https://www.woolworths.com.au/shop/productdetails/72276",
    "img": "https://cdn0.woolworths.media/content/wowproductimages/medium/072276.jpg",
    "price": 6.5,
    "quantity": 0.22,
    "unitPrice": 29.5
  },
  {
    "name": "Woolworths Shortcut Australian Bacon",
    "url": "https://www.woolworths.com.au/shop/productdetails/55373",
    "img": "https://cdn0.woolworths.media/content/wowproductimages/medium/055373.jpg",
    "price": 5.9,
    "quantity": 0.2,
    "unitPrice": 29.5
  },
  {
    "name": "Fodmapped For You Teriyaki Stir Fry Simmer Sauce",
    "url": "https://www.woolworths.com.au/shop/productdetails/219559",
    "img": "https://cdn0.woolworths.media/content/wowproductimages/medium/219559.jpg",
    "price": 5.9,
    "quantity": 0.2,
    "unitPrice": 29.5
  },
  {
    "name": "Dip Basil Pesto Pecorino & Cashew",
    "url": "https://www.coles.com.au/product/red-rock-deli-dip-basil-pesto-pecorino-&-cashew-135g-7083119",
    "img": "https://productimages.coles.com.au/productimages/7/7083119.jpg",
    "price": 4,
    "quantity": 0.135,
    "unitPrice": 29.6
  },
  {
    "name": "Dip Roasted Capsicum Pecorino Cashew & Basil",
    "url": "https://www.coles.com.au/product/red-rock-deli-dip-roasted-capsicum-pecorino-cashew-&-basil-135g-7083120",
    "img": "https://productimages.coles.com.au/productimages/7/7083120.jpg",
    "price": 4,
    "quantity": 0.135,
    "unitPrice": 29.6
  },
  {
    "name": "Dip Balsamic Beetroot Feta & Cashew",
    "url": "https://www.coles.com.au/product/red-rock-deli-dip-balsamic-beetroot-feta-&-cashew-135g-7083130",
    "img": "https://productimages.coles.com.au/productimages/7/7083130.jpg",
    "price": 4,
    "quantity": 0.135,
    "unitPrice": 29.6
  },
  {
    "name": "Dip Roasted Pumpkin Onion & Cashew",
    "url": "https://www.coles.com.au/product/red-rock-deli-dip-roasted-pumpkin-onion-&-cashew-135g-7083152",
    "img": "https://productimages.coles.com.au/productimages/7/7083152.jpg",
    "price": 4,
    "quantity": 0.135,
    "unitPrice": 29.6
  },
  {
    "name": "Dip Roasted Tomato Feta Basil & Cashew",
    "url": "https://www.coles.com.au/product/red-rock-deli-dip-roasted-tomato-feta-basil-&-cashew-135g-7083185",
    "img": "https://productimages.coles.com.au/productimages/7/7083185.jpg",
    "price": 4,
    "quantity": 0.135,
    "unitPrice": 29.6
  },
  {
    "name": "Stevia Raw Canister",
    "url": "https://www.coles.com.au/product/whole-earth-stevia-raw-canister-250g-6576405",
    "img": "https://productimages.coles.com.au/productimages/6/6576405.jpg",
    "price": 7.4,
    "quantity": 0.25,
    "unitPrice": 29.6
  },
  {
    "name": "Stevia Raw Canister",
    "url": "https://www.coles.com.au/product/whole-earth-stevia-raw-canister-250g-6576405",
    "img": "https://productimages.coles.com.au/productimages/6/6576405.jpg",
    "price": 7.4,
    "quantity": 0.25,
    "unitPrice": 29.6
  },
  {
    "name": "Lunch Kit With Crackers Tuna With Thousand Island Dressing",
    "url": "https://www.coles.com.au/product/john-west-lunch-kit-with-crackers-tuna-with-thousand-island-dressing-108g-7056921",
    "img": "https://productimages.coles.com.au/productimages/7/7056921.jpg",
    "price": 3.2,
    "quantity": 0.108,
    "unitPrice": 29.63
  },
  {
    "name": "John West Lunch Kit With Crackers Tuna With Sweetcorn In Mayonnaise",
    "url": "https://www.woolworths.com.au/shop/productdetails/24053",
    "img": "https://cdn0.woolworths.media/content/wowproductimages/medium/024053.jpg",
    "price": 3.2,
    "quantity": 0.108,
    "unitPrice": 29.63
  },
  {
    "name": "Frozen Deep Sea Dory Fish Fillets",
    "url": "https://www.coles.com.au/product/birds-eye-frozen-deep-sea-dory-fish-fillets-425g-5490235",
    "img": "https://productimages.coles.com.au/productimages/5/5490235.jpg",
    "price": 12.6,
    "quantity": 0.425,
    "unitPrice": 29.65
  },
  {
    "name": "Frozen Southern Blue Whiting Fish Fillets 6 Pack",
    "url": "https://www.coles.com.au/product/birds-eye-frozen-southern-blue-whiting-fish-fillets-6-pack-425g-7407877",
    "img": "https://productimages.coles.com.au/productimages/7/7407877.jpg",
    "price": 12.6,
    "quantity": 0.425,
    "unitPrice": 29.65
  },
  {
    "name": "All Arrabiata Penne",
    "url": "https://www.coles.com.au/product/cucina-classica-all-arrabiata-penne-300g-1230152",
    "img": "https://productimages.coles.com.au/productimages/1/1230152.jpg",
    "price": 8.9,
    "quantity": 0.3,
    "unitPrice": 29.7
  },
  {
    "name": "Penne Tagliatelle Al Ragu",
    "url": "https://www.coles.com.au/product/cibo-penne-tagliatelle-al-ragu-300g-1230221",
    "img": "https://productimages.coles.com.au/productimages/1/1230221.jpg",
    "price": 8.9,
    "quantity": 0.3,
    "unitPrice": 29.7
  },
  {
    "name": "Gluten Free Paleo Granola",
    "url": "https://www.coles.com.au/product/farmer-jo-gluten-free-paleo-granola-300g-3758042",
    "img": "https://productimages.coles.com.au/productimages/3/3758042.jpg",
    "price": 8.9,
    "quantity": 0.3,
    "unitPrice": 29.7
  },
  {
    "name": "Gluten Free Keto Granola",
    "url": "https://www.coles.com.au/product/farmer-jo-gluten-free-keto-granola-300g-4308551",
    "img": "https://productimages.coles.com.au/productimages/4/4308551.jpg",
    "price": 8.9,
    "quantity": 0.3,
    "unitPrice": 29.7
  },
  {
    "name": "Gluten Free Paleo Granola",
    "url": "https://www.coles.com.au/product/farmer-jo-gluten-free-paleo-granola-300g-3758042",
    "img": "https://productimages.coles.com.au/productimages/3/3758042.jpg",
    "price": 8.9,
    "quantity": 0.3,
    "unitPrice": 29.7
  },
  {
    "name": "Gluten Free Keto Granola",
    "url": "https://www.coles.com.au/product/farmer-jo-gluten-free-keto-granola-300g-4308551",
    "img": "https://productimages.coles.com.au/productimages/4/4308551.jpg",
    "price": 8.9,
    "quantity": 0.3,
    "unitPrice": 29.7
  },
  {
    "name": "Sweet & Spicy Rapokki",
    "url": "https://www.coles.com.au/product/yopokki-sweet-&-spicy-rapokki-145g-5020537",
    "img": "https://productimages.coles.com.au/productimages/5/5020537.jpg",
    "price": 4.3,
    "quantity": 0.145,
    "unitPrice": 29.7
  },
  {
    "name": "Mother Earth Baked Oaty Slices 36 Bars 1.44kg",
    "url": "https://www.woolworths.com.au/shop/productdetails/1074032868",
    "img": "https://cdn0.woolworths.media/content/wowproductimages/medium/1074032868.jpg",
    "price": 42.75,
    "quantity": 1.44,
    "unitPrice": 29.7
  },
  {
    "name": "Fueld Chipotle Fried Chicken",
    "url": "https://www.coles.com.au/product/youfoodz-fueld-chipotle-fried-chicken-400g-4688215",
    "img": "https://productimages.coles.com.au/productimages/4/4688215.jpg",
    "price": 11.95,
    "quantity": 0.4,
    "unitPrice": 29.9
  },
  {
    "name": "Hot Pot Casserole Base Curry",
    "url": "https://www.woolworths.com.au/shop/productdetails/36438",
    "img": "https://cdn0.woolworths.media/content/wowproductimages/medium/036438.jpg",
    "price": 2.99,
    "quantity": 0.1,
    "unitPrice": 29.9
  },
  {
    "name": "Emporium Selection Ash Brie",
    "url": "https://www.aldi.com.au/en/groceries/fresh-produce/dairy-eggs/dairy-eggs-detail/ps/p/emporium-selection-ash-brie-150g/",
    "img": "https://www.aldi.com.au/fileadmin/_processed_/2/3/csm_ALN2793_CHEESE_DAIRY_AWARDS_1x1_228x128_7_49255c4472.jpg",
    "price": 4.49,
    "quantity": 0.15,
    "unitPrice": 29.93
  },
  {
    "name": "Dark Chocolate Ginger",
    "url": "https://www.coles.com.au/product/coles-dark-chocolate-ginger-approx.-100g-3019945",
    "img": "https://productimages.coles.com.au/productimages/3/3019945.jpg",
    "price": 3,
    "quantity": 0.1,
    "unitPrice": 30
  },
  {
    "name": "Chocolate Pretzels",
    "url": "https://www.coles.com.au/product/coles-chocolate-pretzels-approx.-100g-3019989",
    "img": "https://productimages.coles.com.au/productimages/3/3019989.jpg",
    "price": 3,
    "quantity": 0.1,
    "unitPrice": 30
  },
  {
    "name": "Milk Choc Honeycomb Balls Bulk",
    "url": "https://www.coles.com.au/product/scoop-&-weigh-milk-choc-honeycomb-balls-bulk-approx.-100g-3305820",
    "img": "https://productimages.coles.com.au/productimages/3/3305820.jpg",
    "price": 3,
    "quantity": 0.1,
    "unitPrice": 30
  },
  {
    "name": "Dried Tropical Fruit Mix",
    "url": "https://www.coles.com.au/product/coles-dried-tropical-fruit-mix-approx.-100g-3324814",
    "img": "https://productimages.coles.com.au/productimages/3/3324814.jpg",
    "price": 3,
    "quantity": 0.1,
    "unitPrice": 30
  },
  {
    "name": "Chocolate Turkish Delight",
    "url": "https://www.coles.com.au/product/coles-chocolate-turkish-delight-approx.-100g-3324836",
    "img": "https://productimages.coles.com.au/productimages/3/3324836.jpg",
    "price": 3,
    "quantity": 0.1,
    "unitPrice": 30
  },
  {
    "name": "Pottle Chocolate Almonds",
    "url": "https://www.coles.com.au/product/coles-pottle-chocolate-almonds-approx.-100g-3574538",
    "img": "https://productimages.coles.com.au/productimages/3/3574538.jpg",
    "price": 3,
    "quantity": 0.1,
    "unitPrice": 30
  },
  {
    "name": "Pottle Roasted Salted Pistachios",
    "url": "https://www.coles.com.au/product/coles-pottle-roasted-salted-pistachios-approx.-100g-3592992",
    "img": "https://productimages.coles.com.au/productimages/3/3592992.jpg",
    "price": 3,
    "quantity": 0.1,
    "unitPrice": 30
  },
  {
    "name": "White Chocolate Candy Speckle Ball",
    "url": "https://www.coles.com.au/product/coles-white-chocolate-candy-speckle-ball-approx.-100g-3785410",
    "img": "https://productimages.coles.com.au/productimages/3/3785410.jpg",
    "price": 3,
    "quantity": 0.1,
    "unitPrice": 30
  },
  {
    "name": "Fruit Nut And Seed Toasted Muesli",
    "url": "https://www.coles.com.au/product/coles-fruit-nut-and-seed-toasted-muesli-approx.-100g-3956862",
    "img": "https://productimages.coles.com.au/productimages/3/3956862.jpg",
    "price": 3,
    "quantity": 0.1,
    "unitPrice": 30
  },
  {
    "name": "Maple Pecan Toasted Muesli",
    "url": "https://www.coles.com.au/product/coles-maple-pecan-toasted-muesli-approx.-100g-3956895",
    "img": "https://productimages.coles.com.au/productimages/3/3956895.jpg",
    "price": 3,
    "quantity": 0.1,
    "unitPrice": 30
  },
  {
    "name": "Almonds Slivered",
    "url": "https://www.coles.com.au/product/coles-almonds-slivered-approx.-100g-4201773",
    "img": "https://productimages.coles.com.au/productimages/4/4201773.jpg",
    "price": 3,
    "quantity": 0.1,
    "unitPrice": 30
  },
  {
    "name": "Dip Singles Caramelised French Onion 3X50G",
    "url": "https://www.coles.com.au/product/red-rock-deli-dip-singles-caramelised-french-onion-3x50g-150g-4954487",
    "img": "https://productimages.coles.com.au/productimages/4/4954487.jpg",
    "price": 4.5,
    "quantity": 0.15,
    "unitPrice": 30
  },
  {
    "name": "Fresh Mozzarella",
    "url": "https://www.coles.com.au/product/la-casa-del-formaggio-fresh-mozzarella-200g-2462186",
    "img": "https://productimages.coles.com.au/productimages/2/2462186.jpg",
    "price": 6,
    "quantity": 0.2,
    "unitPrice": 30
  },
  {
    "name": "Cheddar Shred",
    "url": "https://www.coles.com.au/product/nature's-kitchen-cheddar-shred-200g-4145082",
    "img": "https://productimages.coles.com.au/productimages/4/4145082.jpg",
    "price": 6,
    "quantity": 0.2,
    "unitPrice": 30
  },
  {
    "name": "Cheddar Slices",
    "url": "https://www.coles.com.au/product/nature's-kitchen-cheddar-slices-200g-4145118",
    "img": "https://productimages.coles.com.au/productimages/4/4145118.jpg",
    "price": 6,
    "quantity": 0.2,
    "unitPrice": 30
  },
  {
    "name": "Double Cream Brie",
    "url": "https://www.coles.com.au/product/cremeux-double-cream-brie-200g-4962408",
    "img": "https://productimages.coles.com.au/productimages/4/4962408.jpg",
    "price": 6,
    "quantity": 0.2,
    "unitPrice": 30
  },
  {
    "name": "Traditional Kabana",
    "url": "https://www.coles.com.au/product/don-traditional-kabana-200g-9052375",
    "img": "https://productimages.coles.com.au/productimages/9/9052375.jpg",
    "price": 6,
    "quantity": 0.2,
    "unitPrice": 30
  },
  {
    "name": "Lactose Free Grated Cheese",
    "url": "https://www.coles.com.au/product/bega-lactose-free-grated-cheese-250g-4383750",
    "img": "https://productimages.coles.com.au/productimages/4/4383750.jpg",
    "price": 7.5,
    "quantity": 0.25,
    "unitPrice": 30
  },
  {
    "name": "Lactose Free Natural Cheese Slices",
    "url": "https://www.coles.com.au/product/bega-lactose-free-natural-cheese-slices-250g-4385756",
    "img": "https://productimages.coles.com.au/productimages/4/4385756.jpg",
    "price": 7.5,
    "quantity": 0.25,
    "unitPrice": 30
  },
  {
    "name": "Fermented Vegetables Kimchi",
    "url": "https://www.coles.com.au/product/keep-it-cleaner-fermented-vegetables-kimchi-400g-3077282",
    "img": "https://productimages.coles.com.au/productimages/3/3077282.jpg",
    "price": 12,
    "quantity": 0.4,
    "unitPrice": 30
  },
  {
    "name": "Fermented Vegetable Vegan Kimchi",
    "url": "https://www.coles.com.au/product/keep-it-cleaner-fermented-vegetable-vegan-kimchi-400g-3765354",
    "img": "https://productimages.coles.com.au/productimages/3/3765354.jpg",
    "price": 12,
    "quantity": 0.4,
    "unitPrice": 30
  },
  {
    "name": "I'M Free From White Wraps",
    "url": "https://www.coles.com.au/product/coles-i'm-free-from-white-wraps-200g-1995386",
    "img": "https://productimages.coles.com.au/productimages/1/1995386.jpg",
    "price": 6,
    "quantity": 0.2,
    "unitPrice": 30
  },
  {
    "name": "Thawed Australian Cooked Black Tiger Prawns Extra Large",
    "url": "https://www.coles.com.au/product/coles-deli-thawed-australian-cooked-black-tiger-prawns-extra-large-approx.-250g-2686693",
    "img": "https://productimages.coles.com.au/productimages/2/2686693.jpg",
    "price": 7.5,
    "quantity": 0.25,
    "unitPrice": 30
  },
  {
    "name": "Thawed Australian Cooked Black Tiger Prawns Extra Large",
    "url": "https://www.coles.com.au/product/coles-deli-thawed-australian-cooked-black-tiger-prawns-extra-large-approx.-250g-2686693",
    "img": "https://productimages.coles.com.au/productimages/2/2686693.jpg",
    "price": 7.5,
    "quantity": 0.25,
    "unitPrice": 30
  },
  {
    "name": "Traditional Kabana",
    "url": "https://www.coles.com.au/product/don-traditional-kabana-200g-9052375",
    "img": "https://productimages.coles.com.au/productimages/9/9052375.jpg",
    "price": 6,
    "quantity": 0.2,
    "unitPrice": 30
  },
  {
    "name": "Roasted Turkey Breast From The Deli",
    "url": "https://www.coles.com.au/product/steggles-roasted-turkey-breast-from-the-deli-approx.-100g-1202102",
    "img": "https://productimages.coles.com.au/productimages/1/1202102.jpg",
    "price": 3,
    "quantity": 0.1,
    "unitPrice": 30
  },
  {
    "name": "Crystallised Ginger",
    "url": "https://www.coles.com.au/product/buderim-ginger-crystallised-ginger-200g-5227240",
    "img": "https://productimages.coles.com.au/productimages/5/5227240.jpg",
    "price": 6,
    "quantity": 0.2,
    "unitPrice": 30
  },
  {
    "name": "Nuts Raw & Natural Cashews",
    "url": "https://www.coles.com.au/product/sunbeam-nuts-raw-&-natural-cashews-450g-5619761",
    "img": "https://productimages.coles.com.au/productimages/5/5619761.jpg",
    "price": 13.5,
    "quantity": 0.45,
    "unitPrice": 30
  },
  {
    "name": "Crystallised Ginger",
    "url": "https://www.coles.com.au/product/buderim-ginger-crystallised-ginger-200g-5227240",
    "img": "https://productimages.coles.com.au/productimages/5/5227240.jpg",
    "price": 6,
    "quantity": 0.2,
    "unitPrice": 30
  },
  {
    "name": "Nuts Raw & Natural Cashews",
    "url": "https://www.coles.com.au/product/sunbeam-nuts-raw-&-natural-cashews-450g-5619761",
    "img": "https://productimages.coles.com.au/productimages/5/5619761.jpg",
    "price": 13.5,
    "quantity": 0.45,
    "unitPrice": 30
  },
  {
    "name": "Fruit Free Granola",
    "url": "https://www.coles.com.au/product/irrewarra-fruit-free-granola-500g-3281063",
    "img": "https://productimages.coles.com.au/productimages/3/3281063.jpg",
    "price": 15,
    "quantity": 0.5,
    "unitPrice": 30
  },
  {
    "name": "More Nuts And Honey Granola",
    "url": "https://www.coles.com.au/product/irrewarra-more-nuts-and-honey-granola-500g-3590104",
    "img": "https://productimages.coles.com.au/productimages/3/3590104.jpg",
    "price": 15,
    "quantity": 0.5,
    "unitPrice": 30
  },
  {
    "name": "Fruit Free Granola",
    "url": "https://www.coles.com.au/product/irrewarra-fruit-free-granola-500g-3281063",
    "img": "https://productimages.coles.com.au/productimages/3/3281063.jpg",
    "price": 15,
    "quantity": 0.5,
    "unitPrice": 30
  },
  {
    "name": "More Nuts And Honey Granola",
    "url": "https://www.coles.com.au/product/irrewarra-more-nuts-and-honey-granola-500g-3590104",
    "img": "https://productimages.coles.com.au/productimages/3/3590104.jpg",
    "price": 15,
    "quantity": 0.5,
    "unitPrice": 30
  },
  {
    "name": "Instant Noodles Cup Oriental Flavour",
    "url": "https://www.coles.com.au/product/maggi-instant-noodles-cup-oriental-flavour-60g-8109229",
    "img": "https://productimages.coles.com.au/productimages/8/8109229.jpg",
    "price": 1.8,
    "quantity": 0.06,
    "unitPrice": 30
  },
  {
    "name": "Instant Noodles Cup Chicken Flavour",
    "url": "https://www.coles.com.au/product/maggi-instant-noodles-cup-chicken-flavour-60g-8109284",
    "img": "https://productimages.coles.com.au/productimages/8/8109284.jpg",
    "price": 1.8,
    "quantity": 0.06,
    "unitPrice": 30
  },
  {
    "name": "Mac & Cheese Pasta Meals Vegan",
    "url": "https://www.coles.com.au/product/kraft-mac-&-cheese-pasta-meals-vegan-150g-4449145",
    "img": "https://productimages.coles.com.au/productimages/4/4449145.jpg",
    "price": 4.5,
    "quantity": 0.15,
    "unitPrice": 30
  },
  {
    "name": "French Onion Soup Serves 4",
    "url": "https://www.coles.com.au/product/continental-french-onion-soup-serves-4-40g-129426",
    "img": "https://productimages.coles.com.au/productimages/1/129426.jpg",
    "price": 1.2,
    "quantity": 0.04,
    "unitPrice": 30
  },
  {
    "name": "Chicken Noodle Salt Reduced Soup Serves 4",
    "url": "https://www.coles.com.au/product/continental-chicken-noodle-salt-reduced-soup-serves-4-40g-404440",
    "img": "https://productimages.coles.com.au/productimages/4/404440.jpg",
    "price": 1.2,
    "quantity": 0.04,
    "unitPrice": 30
  },
  {
    "name": "Salted Caramel Latte Instant Coffee",
    "url": "https://www.coles.com.au/product/jarrah-salted-caramel-latte-instant-coffee-250g-2244491",
    "img": "https://productimages.coles.com.au/productimages/2/2244491.jpg",
    "price": 7.5,
    "quantity": 0.25,
    "unitPrice": 30
  },
  {
    "name": "Brazilian Cafe Latte Coffee",
    "url": "https://www.coles.com.au/product/jarrah-brazilian-cafe-latte-coffee-250g-5436896",
    "img": "https://productimages.coles.com.au/productimages/5/5436896.jpg",
    "price": 7.5,
    "quantity": 0.25,
    "unitPrice": 30
  },
  {
    "name": "French Vanilla Latte Instant Coffee",
    "url": "https://www.coles.com.au/product/jarrah-french-vanilla-latte-instant-coffee-250g-5436900",
    "img": "https://productimages.coles.com.au/productimages/5/5436900.jpg",
    "price": 7.5,
    "quantity": 0.25,
    "unitPrice": 30
  },
  {
    "name": "Tales Of Italy Alluring Napoli Premium Coffee Beans",
    "url": "https://www.coles.com.au/product/lavazza-tales-of-italy-alluring-napoli-premium-coffee-beans-500g-6277834",
    "img": "https://productimages.coles.com.au/productimages/6/6277834.jpg",
    "price": 15,
    "quantity": 0.5,
    "unitPrice": 30
  },
  {
    "name": "Tales Of Italy Eternal Roma Premium Coffee Beans",
    "url": "https://www.coles.com.au/product/lavazza-tales-of-italy-eternal-roma-premium-coffee-beans-500g-6277878",
    "img": "https://productimages.coles.com.au/productimages/6/6277878.jpg",
    "price": 15,
    "quantity": 0.5,
    "unitPrice": 30
  },
  {
    "name": "Whole Black Peppercorns",
    "url": "https://www.coles.com.au/product/mckenzie's-whole-black-peppercorns-200g-6694194",
    "img": "https://productimages.coles.com.au/productimages/6/6694194.jpg",
    "price": 5.95,
    "quantity": 0.2,
    "unitPrice": 30
  },
  {
    "name": "Ground White Pepper",
    "url": "https://www.coles.com.au/product/coles-ground-white-pepper-100g-9044719",
    "img": "https://productimages.coles.com.au/productimages/9/9044719.jpg",
    "price": 3,
    "quantity": 0.1,
    "unitPrice": 30
  },
  {
    "name": "Sea Salt Crystals",
    "url": "https://www.coles.com.au/product/cornish-sea-salt-crystals-400g-5119306",
    "img": "https://productimages.coles.com.au/productimages/5/5119306.jpg",
    "price": 12,
    "quantity": 0.4,
    "unitPrice": 30
  },
  {
    "name": "Ground White Pepper",
    "url": "https://www.coles.com.au/product/coles-ground-white-pepper-100g-9044719",
    "img": "https://productimages.coles.com.au/productimages/9/9044719.jpg",
    "price": 3,
    "quantity": 0.1,
    "unitPrice": 30
  },
  {
    "name": "Sea Salt Crystals",
    "url": "https://www.coles.com.au/product/cornish-sea-salt-crystals-400g-5119306",
    "img": "https://productimages.coles.com.au/productimages/5/5119306.jpg",
    "price": 12,
    "quantity": 0.4,
    "unitPrice": 30
  },
  {
    "name": "Ajwain Seeds",
    "url": "https://www.coles.com.au/product/pattu-ajwain-seeds-100g-3339378",
    "img": "https://productimages.coles.com.au/productimages/3/3339378.jpg",
    "price": 2.95,
    "quantity": 0.1,
    "unitPrice": 30
  },
  {
    "name": "Biryani",
    "url": "https://www.coles.com.au/product/shan-biryani-50g-2154730",
    "img": "https://productimages.coles.com.au/productimages/2/2154730.jpg",
    "price": 1.5,
    "quantity": 0.05,
    "unitPrice": 30
  },
  {
    "name": "Tandoori Recipe And Masala Mix",
    "url": "https://www.coles.com.au/product/shan-tandoori-recipe-and-masala-mix-50g-3222563",
    "img": "https://productimages.coles.com.au/productimages/3/3222563.jpg",
    "price": 1.5,
    "quantity": 0.05,
    "unitPrice": 30
  },
  {
    "name": "Jin Ramen Cup Noodle Mild",
    "url": "https://www.coles.com.au/product/ottogi-jin-ramen-cup-noodle-mild-65g-3737202",
    "img": "https://productimages.coles.com.au/productimages/3/3737202.jpg",
    "price": 1.95,
    "quantity": 0.065,
    "unitPrice": 30
  },
  {
    "name": "Jin Ramen Cup Noodle Spicy",
    "url": "https://www.coles.com.au/product/ottogi-jin-ramen-cup-noodle-spicy-65g-3737257",
    "img": "https://productimages.coles.com.au/productimages/3/3737257.jpg",
    "price": 1.95,
    "quantity": 0.065,
    "unitPrice": 30
  },
  {
    "name": "Alpine Milk Chocolate",
    "url": "https://www.coles.com.au/product/milka-alpine-milk-chocolate-100g-2867927",
    "img": "https://productimages.coles.com.au/productimages/2/2867927.jpg",
    "price": 3,
    "quantity": 0.1,
    "unitPrice": 30
  },
  {
    "name": "Hazelnut Milk Chocolate",
    "url": "https://www.coles.com.au/product/milka-hazelnut-milk-chocolate-100g-3303563",
    "img": "https://productimages.coles.com.au/productimages/3/3303563.jpg",
    "price": 3,
    "quantity": 0.1,
    "unitPrice": 30
  },
  {
    "name": "Lemongrass",
    "url": "https://www.coles.com.au/product/valcom-lemongrass-100g-6823322",
    "img": "https://productimages.coles.com.au/productimages/6/6823322.jpg",
    "price": 3,
    "quantity": 0.1,
    "unitPrice": 30
  },
  {
    "name": "Want Want Rice Crackers Shelly Senbei",
    "url": "https://www.coles.com.au/product/hot-kids-want-want-rice-crackers-shelly-senbei-150g-1404377",
    "img": "https://productimages.coles.com.au/productimages/1/1404377.jpg",
    "price": 4.5,
    "quantity": 0.15,
    "unitPrice": 30
  },
  {
    "name": "Curlies Corn Snacks",
    "url": "https://www.coles.com.au/product/blue-bird-curlies-corn-snacks-150g-8451058",
    "img": "https://productimages.coles.com.au/productimages/8/8451058.jpg",
    "price": 4.5,
    "quantity": 0.15,
    "unitPrice": 30
  },
  {
    "name": "Avocado Oil",
    "url": "https://www.coles.com.au/product/good-by-grove-avocado-oil-500ml-4993037",
    "img": "https://productimages.coles.com.au/productimages/4/4993037.jpg",
    "price": 15,
    "quantity": 0.5,
    "unitPrice": 30
  },
  {
    "name": "Ultra Premium Coratina Bold",
    "url": "https://www.coles.com.au/product/cobram-estate-ultra-premium-coratina-bold-500ml-6749354",
    "img": "https://productimages.coles.com.au/productimages/6/6749354.jpg",
    "price": 15,
    "quantity": 0.5,
    "unitPrice": 30
  },
  {
    "name": "Ultra Premium Picual Medium Olive Oil",
    "url": "https://www.coles.com.au/product/cobram-ultra-premium-picual-medium-olive-oil-500ml-6749445",
    "img": "https://productimages.coles.com.au/productimages/6/6749445.jpg",
    "price": 15,
    "quantity": 0.5,
    "unitPrice": 30
  },
  {
    "name": "Estate Ultra Premium Hojiblanca Mild Olive Oil",
    "url": "https://www.coles.com.au/product/cobram-estate-ultra-premium-hojiblanca-mild-olive-oil-500ml-6749536",
    "img": "https://productimages.coles.com.au/productimages/6/6749536.jpg",
    "price": 15,
    "quantity": 0.5,
    "unitPrice": 30
  },
  {
    "name": "Nature's Kitchen Vegetable Dim Sims",
    "url": "https://www.coles.com.au/product/nature's-kitchen-nature's-kitchen-vegetable-dim-sims-200g-3506200",
    "img": "https://productimages.coles.com.au/productimages/3/3506200.jpg",
    "price": 6,
    "quantity": 0.2,
    "unitPrice": 30
  },
  {
    "name": "Frozen Fruit Chocolate Banana Bites",
    "url": "https://www.coles.com.au/product/serious-frozen-fruit-chocolate-banana-bites-250g-4928090",
    "img": "https://productimages.coles.com.au/productimages/4/4928090.jpg",
    "price": 7.5,
    "quantity": 0.25,
    "unitPrice": 30
  },
  {
    "name": "Frozen Fruit Chocolate Pineapple Bites",
    "url": "https://www.coles.com.au/product/serious-frozen-fruit-chocolate-pineapple-bites-250g-4928104",
    "img": "https://productimages.coles.com.au/productimages/4/4928104.jpg",
    "price": 7.5,
    "quantity": 0.25,
    "unitPrice": 30
  },
  {
    "name": "Frozen Prawn & Pork Shao Mai 12 Pieces",
    "url": "https://www.coles.com.au/product/hanabi-frozen-prawn-&-pork-shao-mai-12-pieces-300g-2770585",
    "img": "https://productimages.coles.com.au/productimages/2/2770585.jpg",
    "price": 9,
    "quantity": 0.3,
    "unitPrice": 30
  },
  {
    "name": "Smoky Charcoal Butter Chicken",
    "url": "https://www.coles.com.au/product/coco-earth-smoky-charcoal-butter-chicken-400g-7034871",
    "img": "https://productimages.coles.com.au/productimages/7/7034871.jpg",
    "price": 12,
    "quantity": 0.4,
    "unitPrice": 30
  },
  {
    "name": "Caramilk Mousse Cake",
    "url": "https://www.coles.com.au/product/cadbury-caramilk-mousse-cake-450g-4924941",
    "img": "https://productimages.coles.com.au/productimages/4/4924941.jpg",
    "price": 13.5,
    "quantity": 0.45,
    "unitPrice": 30
  },
  {
    "name": "Thawed Australian Cooked Black Tiger Prawns Extra Large",
    "url": "https://www.coles.com.au/product/coles-deli-thawed-australian-cooked-black-tiger-prawns-extra-large-approx.-250g-2686693",
    "img": "https://productimages.coles.com.au/productimages/2/2686693.jpg",
    "price": 7.5,
    "quantity": 0.25,
    "unitPrice": 30
  },
  {
    "name": "Thawed Australian Cooked Black Tiger Prawns Extra Large",
    "url": "https://www.coles.com.au/product/coles-deli-thawed-australian-cooked-black-tiger-prawns-extra-large-approx.-250g-2686693",
    "img": "https://productimages.coles.com.au/productimages/2/2686693.jpg",
    "price": 7.5,
    "quantity": 0.25,
    "unitPrice": 30
  },
  {
    "name": "Serious Fruit Chocolate Banana Bites",
    "url": "https://www.woolworths.com.au/shop/productdetails/272418",
    "img": "https://cdn0.woolworths.media/content/wowproductimages/medium/272418.jpg",
    "price": 7.5,
    "quantity": 0.25,
    "unitPrice": 30
  },
  {
    "name": "Latina Fresh Kids Mini Ravioli Pasta Beef & Vegetable",
    "url": "https://www.woolworths.com.au/shop/productdetails/304116",
    "img": "https://cdn0.woolworths.media/content/wowproductimages/medium/304116.jpg",
    "price": 6,
    "quantity": 0.2,
    "unitPrice": 30
  },
  {
    "name": "Latina Fresh Kids Mini Ravioli Pasta Cheese & Vegetable",
    "url": "https://www.woolworths.com.au/shop/productdetails/304103",
    "img": "https://cdn0.woolworths.media/content/wowproductimages/medium/304103.jpg",
    "price": 6,
    "quantity": 0.2,
    "unitPrice": 30
  },
  {
    "name": "Devondale 100% Pure Full Cream Long Life Milk",
    "url": "https://www.woolworths.com.au/shop/productdetails/90032",
    "img": "https://cdn0.woolworths.media/content/wowproductimages/medium/090032.jpg",
    "price": 6,
    "quantity": 0.2,
    "unitPrice": 30
  },
  {
    "name": "Devondale Skim Long Life Milk",
    "url": "https://www.woolworths.com.au/shop/productdetails/84244",
    "img": "https://cdn0.woolworths.media/content/wowproductimages/medium/084244.jpg",
    "price": 6,
    "quantity": 0.2,
    "unitPrice": 30
  },
  {
    "name": "Raw C Liquid Coconut Oil",
    "url": "https://www.woolworths.com.au/shop/productdetails/739136",
    "img": "https://cdn0.woolworths.media/content/wowproductimages/medium/739136.jpg",
    "price": 7.5,
    "quantity": 0.25,
    "unitPrice": 30
  },
  {
    "name": "Woolworths Thawed Extra Large Cooked Tiger Prawns",
    "url": "https://www.woolworths.com.au/shop/productdetails/46119",
    "img": "https://cdn0.woolworths.media/content/wowproductimages/medium/046119.jpg",
    "price": 30,
    "quantity": 1,
    "unitPrice": 30
  },
  {
    "name": "Jc Seafood Squid Chips",
    "url": "https://www.woolworths.com.au/shop/productdetails/270175",
    "img": "https://cdn0.woolworths.media/content/wowproductimages/medium/270175.jpg",
    "price": 6,
    "quantity": 0.2,
    "unitPrice": 30
  },
  {
    "name": "Ocean Chef Tuna Yellowfin Tuna Steaks",
    "url": "https://www.woolworths.com.au/shop/productdetails/782001",
    "img": "https://cdn0.woolworths.media/content/wowproductimages/medium/782001.jpg",
    "price": 30,
    "quantity": 1,
    "unitPrice": 30
  },
  {
    "name": "Ocean Chef Fish King Snapper Portions",
    "url": "https://www.woolworths.com.au/shop/productdetails/794638",
    "img": "https://cdn0.woolworths.media/content/wowproductimages/medium/794638.jpg",
    "price": 30,
    "quantity": 1,
    "unitPrice": 30
  },
  {
    "name": "Ocean Chef Emporor Fillets Skinless",
    "url": "https://www.woolworths.com.au/shop/productdetails/247592",
    "img": "https://cdn0.woolworths.media/content/wowproductimages/medium/247592.jpg",
    "price": 30,
    "quantity": 1,
    "unitPrice": 30
  },
  {
    "name": "Continental Classics Simmer Soup French Onion",
    "url": "https://www.woolworths.com.au/shop/productdetails/34393",
    "img": "https://cdn0.woolworths.media/content/wowproductimages/medium/034393.jpg",
    "price": 1.2,
    "quantity": 0.04,
    "unitPrice": 30
  },
  {
    "name": "Continental Simmer Soup Chicken Noodle Salt Reduced",
    "url": "https://www.woolworths.com.au/shop/productdetails/95458",
    "img": "https://cdn0.woolworths.media/content/wowproductimages/medium/095458.jpg",
    "price": 1.2,
    "quantity": 0.04,
    "unitPrice": 30
  },
  {
    "name": "Mr Brownie Chocolate Brownie",
    "url": "https://www.woolworths.com.au/shop/productdetails/55213",
    "img": "https://cdn0.woolworths.media/content/wowproductimages/medium/055213.jpg",
    "price": 6,
    "quantity": 0.2,
    "unitPrice": 30
  },
  {
    "name": "Devondale 100% Pure Full Cream Long Life Milk",
    "url": "https://www.woolworths.com.au/shop/productdetails/90032",
    "img": "https://cdn0.woolworths.media/content/wowproductimages/medium/090032.jpg",
    "price": 6,
    "quantity": 0.2,
    "unitPrice": 30
  },
  {
    "name": "Devondale Skim Long Life Milk",
    "url": "https://www.woolworths.com.au/shop/productdetails/84244",
    "img": "https://cdn0.woolworths.media/content/wowproductimages/medium/084244.jpg",
    "price": 6,
    "quantity": 0.2,
    "unitPrice": 30
  },
  {
    "name": "Kraft Vegan Mac & Cheese Macaroni Pasta Instant Noodles Cheese",
    "url": "https://www.woolworths.com.au/shop/productdetails/167302",
    "img": "https://cdn0.woolworths.media/content/wowproductimages/medium/167302.jpg",
    "price": 4.5,
    "quantity": 0.15,
    "unitPrice": 30
  },
  {
    "name": "Ingham's Oven Roasted Turkey Breast Sliced From The Deli",
    "url": "https://www.woolworths.com.au/shop/productdetails/59755",
    "img": "https://cdn0.woolworths.media/content/wowproductimages/medium/059755.jpg",
    "price": 30,
    "quantity": 1,
    "unitPrice": 30
  },
  {
    "name": "Ingham's Oven Roasted Turkey Breast Shaved From The Deli",
    "url": "https://www.woolworths.com.au/shop/productdetails/27316",
    "img": "https://cdn0.woolworths.media/content/wowproductimages/medium/027316.jpg",
    "price": 30,
    "quantity": 1,
    "unitPrice": 30
  },
  {
    "name": "Woolworths Beef Sizzle Schnitzel",
    "url": "https://www.woolworths.com.au/shop/productdetails/686853",
    "img": "https://cdn0.woolworths.media/content/wowproductimages/medium/686853.jpg",
    "price": 12,
    "quantity": 0.4,
    "unitPrice": 30
  },
  {
    "name": "Woolworths Lamb Strips Souvlaki Style",
    "url": "https://www.woolworths.com.au/shop/productdetails/251348",
    "img": "https://cdn0.woolworths.media/content/wowproductimages/medium/251348.jpg",
    "price": 9,
    "quantity": 0.3,
    "unitPrice": 30
  },
  {
    "name": "D'orsogna Streaky Bacon",
    "url": "https://www.woolworths.com.au/shop/productdetails/727933",
    "img": "https://cdn0.woolworths.media/content/wowproductimages/medium/727933.jpg",
    "price": 15,
    "quantity": 0.5,
    "unitPrice": 30
  },
  {
    "name": "Woolworths Beef Strips Teriyaki Style",
    "url": "https://www.woolworths.com.au/shop/productdetails/256351",
    "img": "https://cdn0.woolworths.media/content/wowproductimages/medium/256351.jpg",
    "price": 9,
    "quantity": 0.3,
    "unitPrice": 30
  },
  {
    "name": "Woolworths",
    "url": "https://www.woolworths.com.au/shop/productdetails/317296",
    "img": "https://cdn0.woolworths.media/content/wowproductimages/medium/317296.jpg",
    "price": 6,
    "quantity": 0.2,
    "unitPrice": 30
  },
  {
    "name": "Macro Organic Beef Mince Heart Smart",
    "url": "https://www.woolworths.com.au/shop/productdetails/321551",
    "img": "https://cdn0.woolworths.media/content/wowproductimages/medium/321551.jpg",
    "price": 15,
    "quantity": 0.5,
    "unitPrice": 30
  },
  {
    "name": "Woolworths Lamb Strips Mongolian Style",
    "url": "https://www.woolworths.com.au/shop/productdetails/251350",
    "img": "https://cdn0.woolworths.media/content/wowproductimages/medium/251350.jpg",
    "price": 9,
    "quantity": 0.3,
    "unitPrice": 30
  },
  {
    "name": "Macro Grass Fed Beef Flank Steak",
    "url": "https://www.woolworths.com.au/shop/productdetails/254551",
    "img": "https://cdn0.woolworths.media/content/wowproductimages/medium/254551.jpg",
    "price": 16.5,
    "quantity": 0.55,
    "unitPrice": 30
  },
  {
    "name": "Woolworths Premium Beef Asado Ribs Thin Slice",
    "url": "https://www.woolworths.com.au/shop/productdetails/317391",
    "img": "https://cdn0.woolworths.media/content/wowproductimages/medium/317391.jpg",
    "price": 12,
    "quantity": 0.4,
    "unitPrice": 30
  },
  {
    "name": "Macro Grass Fed Australian Lamb Mini Leg Roast",
    "url": "https://www.woolworths.com.au/shop/productdetails/288124",
    "img": "https://cdn0.woolworths.media/content/wowproductimages/medium/288124.jpg",
    "price": 21,
    "quantity": 0.7,
    "unitPrice": 30
  },
  {
    "name": "Woolworths Beef Petite Tender",
    "url": "https://www.woolworths.com.au/shop/productdetails/317422",
    "img": "https://cdn0.woolworths.media/content/wowproductimages/medium/317422.jpg",
    "price": 13.5,
    "quantity": 0.45,
    "unitPrice": 30
  },
  {
    "name": "Macro Rosemary & Mint Butterfly Lamb Shoulders",
    "url": "https://www.woolworths.com.au/shop/productdetails/133859",
    "img": "https://cdn0.woolworths.media/content/wowproductimages/medium/133859.jpg",
    "price": 45,
    "quantity": 1.5,
    "unitPrice": 30
  },
  {
    "name": "Hoyts Cinnamon Dutch Ground",
    "url": "https://www.woolworths.com.au/shop/productdetails/249587",
    "img": "https://cdn0.woolworths.media/content/wowproductimages/medium/249587.jpg",
    "price": 4.5,
    "quantity": 0.15,
    "unitPrice": 30
  },
  {
    "name": "Mckenzie's Pepper Black Corns Blended",
    "url": "https://www.woolworths.com.au/shop/productdetails/320995",
    "img": "https://cdn0.woolworths.media/content/wowproductimages/medium/320995.jpg",
    "price": 5.95,
    "quantity": 0.2,
    "unitPrice": 30
  },
  {
    "name": "Mckenzie's Pepper Black Whole",
    "url": "https://www.woolworths.com.au/shop/productdetails/320994",
    "img": "https://cdn0.woolworths.media/content/wowproductimages/medium/320994.jpg",
    "price": 5.95,
    "quantity": 0.2,
    "unitPrice": 30
  },
  {
    "name": "Hoyts Sesame Seeds",
    "url": "https://www.woolworths.com.au/shop/productdetails/94622",
    "img": "https://cdn0.woolworths.media/content/wowproductimages/medium/094622.jpg",
    "price": 3,
    "quantity": 0.1,
    "unitPrice": 30
  },
  {
    "name": "Macro Australian Manuka Honey Mgo 50",
    "url": "https://www.woolworths.com.au/shop/productdetails/183869",
    "img": "https://cdn0.woolworths.media/content/wowproductimages/medium/183869.jpg",
    "price": 10.5,
    "quantity": 0.35,
    "unitPrice": 30
  },
  {
    "name": "Niulife Organic Extra Thick Coconut Amino Teriyaki Sauce",
    "url": "https://www.woolworths.com.au/shop/productdetails/223760",
    "img": "https://cdn0.woolworths.media/content/wowproductimages/medium/223760.jpg",
    "price": 7.5,
    "quantity": 0.25,
    "unitPrice": 30
  },
  {
    "name": "Niulife Organic Bbq Coconut Amino Sauce Extra Thick",
    "url": "https://www.woolworths.com.au/shop/productdetails/224614",
    "img": "https://cdn0.woolworths.media/content/wowproductimages/medium/224614.jpg",
    "price": 7.5,
    "quantity": 0.25,
    "unitPrice": 30
  },
  {
    "name": "Niulife Organic Naked Coconut Amino Sauce Extra Thick",
    "url": "https://www.woolworths.com.au/shop/productdetails/223751",
    "img": "https://cdn0.woolworths.media/content/wowproductimages/medium/223751.jpg",
    "price": 7.5,
    "quantity": 0.25,
    "unitPrice": 30
  },
  {
    "name": "Byron Bay Chilli Co. Heavenly Habanero Hot Sauce",
    "url": "https://www.woolworths.com.au/shop/productdetails/94921",
    "img": "https://cdn0.woolworths.media/content/wowproductimages/medium/094921.jpg",
    "price": 4.5,
    "quantity": 0.15,
    "unitPrice": 30
  },
  {
    "name": "Macro Golden Goodness Turmeric & Ginger Almonds",
    "url": "https://www.woolworths.com.au/shop/productdetails/113180",
    "img": "https://cdn0.woolworths.media/content/wowproductimages/medium/113180.jpg",
    "price": 4.5,
    "quantity": 0.15,
    "unitPrice": 30
  },
  {
    "name": "Buderim Ginger Crystallised Ginger",
    "url": "https://www.woolworths.com.au/shop/productdetails/230075",
    "img": "https://cdn0.woolworths.media/content/wowproductimages/medium/230075.jpg",
    "price": 6,
    "quantity": 0.2,
    "unitPrice": 30
  },
  {
    "name": "Macro Cacao Craze Almonds",
    "url": "https://www.woolworths.com.au/shop/productdetails/113179",
    "img": "https://cdn0.woolworths.media/content/wowproductimages/medium/113179.jpg",
    "price": 4.5,
    "quantity": 0.15,
    "unitPrice": 30
  },
  {
    "name": "Angas Park Apricot Diced",
    "url": "https://www.woolworths.com.au/shop/productdetails/76083",
    "img": "https://cdn0.woolworths.media/content/wowproductimages/medium/076083.jpg",
    "price": 6,
    "quantity": 0.2,
    "unitPrice": 30
  }
]