[
  {
    "name": "Beef Cutlet With Pepper Gravy Mash & Veg",
    "url": "https://www.coles.com.au/product/on-the-menu-beef-cutlet-with-pepper-gravy-mash-&-veg-480g-4506169",
    "img": "https://productimages.coles.com.au/productimages/4/4506169.jpg",
    "price": 8,
    "quantity": 0.48,
    "unitPrice": 16.7
  },
  {
    "name": "One Pan Spanish Style Veg Paella Rice Meal",
    "url": "https://www.coles.com.au/product/heinz-one-pan-spanish-style-veg-paella-rice-meal-600g-5642480",
    "img": "https://productimages.coles.com.au/productimages/5/5642480.jpg",
    "price": 10,
    "quantity": 0.6,
    "unitPrice": 16.7
  },
  {
    "name": "One Pan Italian Risotto Frozen Rice Meal",
    "url": "https://www.coles.com.au/product/heinz-one-pan-italian-risotto-frozen-rice-meal-600g-5642537",
    "img": "https://productimages.coles.com.au/productimages/5/5642537.jpg",
    "price": 10,
    "quantity": 0.6,
    "unitPrice": 16.7
  },
  {
    "name": "Frozen Healthy Choice Tomato & Bacon Penne",
    "url": "https://www.coles.com.au/product/mccain-frozen-healthy-choice-tomato-&-bacon-penne-300g-3237844",
    "img": "https://productimages.coles.com.au/productimages/3/3237844.jpg",
    "price": 5,
    "quantity": 0.3,
    "unitPrice": 16.7
  },
  {
    "name": "Frozen Healthy Choice Creamy Chicken Carbonara",
    "url": "https://www.coles.com.au/product/mccain-frozen-healthy-choice-creamy-chicken-carbonara-300g-8057078",
    "img": "https://productimages.coles.com.au/productimages/8/8057078.jpg",
    "price": 5,
    "quantity": 0.3,
    "unitPrice": 16.7
  },
  {
    "name": "Mozzarella Bites & Sauce 10 Pack",
    "url": "https://www.coles.com.au/product/coles-mozzarella-bites-&-sauce-10-pack-330g-2481930",
    "img": "https://productimages.coles.com.au/productimages/2/2481930.jpg",
    "price": 5.5,
    "quantity": 0.33,
    "unitPrice": 16.7
  },
  {
    "name": "Napoletana Sauce",
    "url": "https://www.coles.com.au/product/pasta-italia-napoletana-sauce-450g-7034044",
    "img": "https://productimages.coles.com.au/productimages/7/7034044.jpg",
    "price": 7.5,
    "quantity": 0.45,
    "unitPrice": 16.7
  },
  {
    "name": "Boscaiola Sauce",
    "url": "https://www.coles.com.au/product/pasta-italia-boscaiola-sauce-450g-7034077",
    "img": "https://productimages.coles.com.au/productimages/7/7034077.jpg",
    "price": 7.5,
    "quantity": 0.45,
    "unitPrice": 16.7
  },
  {
    "name": "Chicken Parma With Cheesy Chips & Veg",
    "url": "https://www.coles.com.au/product/on-the-menu-chicken-parma-with-cheesy-chips-&-veg-480g-4506114",
    "img": "https://productimages.coles.com.au/productimages/4/4506114.jpg",
    "price": 8,
    "quantity": 0.48,
    "unitPrice": 16.7
  },
  {
    "name": "Beef Cutlet With Pepper Gravy Mash & Veg",
    "url": "https://www.coles.com.au/product/on-the-menu-beef-cutlet-with-pepper-gravy-mash-&-veg-480g-4506169",
    "img": "https://productimages.coles.com.au/productimages/4/4506169.jpg",
    "price": 8,
    "quantity": 0.48,
    "unitPrice": 16.7
  },
  {
    "name": "One Pan Spanish Style Veg Paella Rice Meal",
    "url": "https://www.coles.com.au/product/heinz-one-pan-spanish-style-veg-paella-rice-meal-600g-5642480",
    "img": "https://productimages.coles.com.au/productimages/5/5642480.jpg",
    "price": 10,
    "quantity": 0.6,
    "unitPrice": 16.7
  },
  {
    "name": "One Pan Italian Risotto Frozen Rice Meal",
    "url": "https://www.coles.com.au/product/heinz-one-pan-italian-risotto-frozen-rice-meal-600g-5642537",
    "img": "https://productimages.coles.com.au/productimages/5/5642537.jpg",
    "price": 10,
    "quantity": 0.6,
    "unitPrice": 16.7
  },
  {
    "name": "Leggo's Fresh Napoli Sauce",
    "url": "https://www.woolworths.com.au/shop/productdetails/618571",
    "img": "https://cdn0.woolworths.media/content/wowproductimages/medium/618571.jpg",
    "price": 7.5,
    "quantity": 0.45,
    "unitPrice": 16.7
  },
  {
    "name": "Leggo's Fresh Carbonara Sauce",
    "url": "https://www.woolworths.com.au/shop/productdetails/662572",
    "img": "https://cdn0.woolworths.media/content/wowproductimages/medium/662572.jpg",
    "price": 7.5,
    "quantity": 0.45,
    "unitPrice": 16.7
  },
  {
    "name": "Woolworths Orange & Poppy Seed Cake",
    "url": "https://www.woolworths.com.au/shop/productdetails/510737",
    "img": "https://cdn0.woolworths.media/content/wowproductimages/medium/510737.jpg",
    "price": 5,
    "quantity": 0.3,
    "unitPrice": 16.7
  },
  {
    "name": "Woolworths Apple Lattice Pie",
    "url": "https://www.woolworths.com.au/shop/productdetails/250630",
    "img": "https://cdn0.woolworths.media/content/wowproductimages/medium/250630.jpg",
    "price": 12.5,
    "quantity": 0.75,
    "unitPrice": 16.7
  },
  {
    "name": "Nestle Milo Energy Dairy Snack Snack Pouch",
    "url": "https://www.woolworths.com.au/shop/productdetails/623659",
    "img": "https://cdn0.woolworths.media/content/wowproductimages/medium/623659.jpg",
    "price": 2.5,
    "quantity": 0.15,
    "unitPrice": 16.7
  },
  {
    "name": "Chobani Oat Yogurt Strawberry Dairy Free",
    "url": "https://www.woolworths.com.au/shop/productdetails/229912",
    "img": "https://cdn0.woolworths.media/content/wowproductimages/medium/229912.jpg",
    "price": 2.5,
    "quantity": 0.15,
    "unitPrice": 16.7
  },
  {
    "name": "Chobani Oat Yogurt Blueberry Dairy Free",
    "url": "https://www.woolworths.com.au/shop/productdetails/229818",
    "img": "https://cdn0.woolworths.media/content/wowproductimages/medium/229818.jpg",
    "price": 2.5,
    "quantity": 0.15,
    "unitPrice": 16.7
  },
  {
    "name": "Chobani Oat Yogurt Mango Dairy Free",
    "url": "https://www.woolworths.com.au/shop/productdetails/229708",
    "img": "https://cdn0.woolworths.media/content/wowproductimages/medium/229708.jpg",
    "price": 2.5,
    "quantity": 0.15,
    "unitPrice": 16.7
  },
  {
    "name": "Nestle Milo Energy Dairy Snack Snack Pouch",
    "url": "https://www.woolworths.com.au/shop/productdetails/623659",
    "img": "https://cdn0.woolworths.media/content/wowproductimages/medium/623659.jpg",
    "price": 2.5,
    "quantity": 0.15,
    "unitPrice": 16.7
  },
  {
    "name": "Siggi's Yoghurt Pouch Vanilla Vanilla",
    "url": "https://www.woolworths.com.au/shop/productdetails/62883",
    "img": "https://cdn0.woolworths.media/content/wowproductimages/medium/062883.jpg",
    "price": 2.5,
    "quantity": 0.15,
    "unitPrice": 16.7
  },
  {
    "name": "Siggi's Yoghurt Pouch Raspberry Raspberry",
    "url": "https://www.woolworths.com.au/shop/productdetails/62864",
    "img": "https://cdn0.woolworths.media/content/wowproductimages/medium/062864.jpg",
    "price": 2.5,
    "quantity": 0.15,
    "unitPrice": 16.7
  },
  {
    "name": "Siggi's Yoghurt Strawberry",
    "url": "https://www.woolworths.com.au/shop/productdetails/85308",
    "img": "https://cdn0.woolworths.media/content/wowproductimages/medium/085308.jpg",
    "price": 2.5,
    "quantity": 0.15,
    "unitPrice": 16.7
  },
  {
    "name": "Continental Classics Rice Chicken",
    "url": "https://www.woolworths.com.au/shop/productdetails/141917",
    "img": "https://cdn0.woolworths.media/content/wowproductimages/medium/141917.jpg",
    "price": 2,
    "quantity": 0.12,
    "unitPrice": 16.7
  },
  {
    "name": "Ben's Original Protein+ Lentils, Tumeric & Brown Rice",
    "url": "https://www.woolworths.com.au/shop/productdetails/199836",
    "img": "https://cdn0.woolworths.media/content/wowproductimages/medium/199836.jpg",
    "price": 3,
    "quantity": 0.18,
    "unitPrice": 16.7
  },
  {
    "name": "Vogel's Low Carb Granola Apple Crumble & Cinnamon",
    "url": "https://www.woolworths.com.au/shop/productdetails/225942",
    "img": "https://cdn0.woolworths.media/content/wowproductimages/medium/225942.jpg",
    "price": 6,
    "quantity": 0.36,
    "unitPrice": 16.7
  },
  {
    "name": "Vogel's Low Carb Granola Raspberry, Blueberry & Almond",
    "url": "https://www.woolworths.com.au/shop/productdetails/225360",
    "img": "https://cdn0.woolworths.media/content/wowproductimages/medium/225360.jpg",
    "price": 6,
    "quantity": 0.36,
    "unitPrice": 16.7
  },
  {
    "name": "Kellogg's Sultana Bran High Fibre Breakfast Cereal",
    "url": "https://www.woolworths.com.au/shop/productdetails/701732",
    "img": "https://cdn0.woolworths.media/content/wowproductimages/medium/701732.jpg",
    "price": 7,
    "quantity": 0.42,
    "unitPrice": 16.7
  },
  {
    "name": "Carman's Low Sugar Granola Raspberry & Coconut",
    "url": "https://www.woolworths.com.au/shop/productdetails/143191",
    "img": "https://cdn0.woolworths.media/content/wowproductimages/medium/143191.jpg",
    "price": 7.5,
    "quantity": 0.45,
    "unitPrice": 16.7
  },
  {
    "name": "Carman's 5 Grain & Seed Granola Almond Vanilla & Cinnamon",
    "url": "https://www.woolworths.com.au/shop/productdetails/867025",
    "img": "https://cdn0.woolworths.media/content/wowproductimages/medium/867025.jpg",
    "price": 7.5,
    "quantity": 0.45,
    "unitPrice": 16.7
  },
  {
    "name": "Carman's Protein Rich Almond & Hazelnut Granola",
    "url": "https://www.woolworths.com.au/shop/productdetails/208900",
    "img": "https://cdn0.woolworths.media/content/wowproductimages/medium/208900.jpg",
    "price": 7.5,
    "quantity": 0.45,
    "unitPrice": 16.7
  },
  {
    "name": "Carman's 5 Grain & Seed Granola Pink Lady Apple & Blueberry",
    "url": "https://www.woolworths.com.au/shop/productdetails/867026",
    "img": "https://cdn0.woolworths.media/content/wowproductimages/medium/867026.jpg",
    "price": 7.5,
    "quantity": 0.45,
    "unitPrice": 16.7
  },
  {
    "name": "Uncle Tobys Cheerios Low Sugar Vanilla Cereal",
    "url": "https://www.woolworths.com.au/shop/productdetails/387324",
    "img": "https://cdn0.woolworths.media/content/wowproductimages/medium/387324.jpg",
    "price": 7.5,
    "quantity": 0.45,
    "unitPrice": 16.7
  },
  {
    "name": "Kellogg's Sultana Bran Buds Fibre Breakfast Cereal",
    "url": "https://www.woolworths.com.au/shop/productdetails/766541",
    "img": "https://cdn0.woolworths.media/content/wowproductimages/medium/766541.jpg",
    "price": 7.5,
    "quantity": 0.45,
    "unitPrice": 16.7
  },
  {
    "name": "Kellogg's Special K Lower Sugar Breakfast Cereal",
    "url": "https://www.woolworths.com.au/shop/productdetails/103001",
    "img": "https://cdn0.woolworths.media/content/wowproductimages/medium/103001.jpg",
    "price": 7,
    "quantity": 0.42,
    "unitPrice": 16.7
  },
  {
    "name": "Kan Tong Satay Chicken Meal Base Pouch",
    "url": "https://www.woolworths.com.au/shop/productdetails/658460",
    "img": "https://cdn0.woolworths.media/content/wowproductimages/medium/658460.jpg",
    "price": 3,
    "quantity": 0.18,
    "unitPrice": 16.7
  },
  {
    "name": "Ayam Light Soy Sauce",
    "url": "https://www.woolworths.com.au/shop/productdetails/627500",
    "img": "https://cdn0.woolworths.media/content/wowproductimages/medium/627500.jpg",
    "price": 3.5,
    "quantity": 0.21,
    "unitPrice": 16.7
  },
  {
    "name": "Ayam Dark Soy",
    "url": "https://www.woolworths.com.au/shop/productdetails/683101",
    "img": "https://cdn0.woolworths.media/content/wowproductimages/medium/683101.jpg",
    "price": 3.5,
    "quantity": 0.21,
    "unitPrice": 16.7
  },
  {
    "name": "Ayam Kecap Manis Sweet Soy Sauce",
    "url": "https://www.woolworths.com.au/shop/productdetails/683102",
    "img": "https://cdn0.woolworths.media/content/wowproductimages/medium/683102.jpg",
    "price": 3.5,
    "quantity": 0.21,
    "unitPrice": 16.7
  },
  {
    "name": "Raw Earth White Stevia",
    "url": "https://www.woolworths.com.au/shop/productdetails/278856",
    "img": "https://cdn0.woolworths.media/content/wowproductimages/medium/278856.jpg",
    "price": 5,
    "quantity": 0.3,
    "unitPrice": 16.7
  },
  {
    "name": "Shredded Coconut Pouches",
    "url": "https://www.coles.com.au/product/mckenzie's-shredded-coconut-pouches-215g-5228833",
    "img": "https://productimages.coles.com.au/productimages/5/5228833.jpg",
    "price": 3.6,
    "quantity": 0.215,
    "unitPrice": 16.74
  },
  {
    "name": "Mckenzie's Coconut Shredded Loose",
    "url": "https://www.woolworths.com.au/shop/productdetails/782242",
    "img": "https://cdn0.woolworths.media/content/wowproductimages/medium/782242.jpg",
    "price": 3.6,
    "quantity": 0.215,
    "unitPrice": 16.74
  },
  {
    "name": "Macro Australian Currants",
    "url": "https://www.woolworths.com.au/shop/productdetails/89759",
    "img": "https://cdn0.woolworths.media/content/wowproductimages/medium/089759.jpg",
    "price": 6.7,
    "quantity": 0.4,
    "unitPrice": 16.75
  },
  {
    "name": "Plain Pappadams",
    "url": "https://www.coles.com.au/product/maharajah's-choice-plain-pappadams-200g-62926",
    "img": "https://productimages.coles.com.au/productimages/6/62926.jpg",
    "price": 3.35,
    "quantity": 0.2,
    "unitPrice": 16.8
  },
  {
    "name": "Passage To India Sri Lanka Chicken Curry Simmer Sauce",
    "url": "https://www.coles.com.au/product/passage-foods-passage-to-india-sri-lanka-chicken-curry-simmer-sauce-375g-1329170",
    "img": "https://productimages.coles.com.au/productimages/1/1329170.jpg",
    "price": 6.3,
    "quantity": 0.375,
    "unitPrice": 16.8
  },
  {
    "name": "Passage to India Sri Lankan Coconut & Cashew Chicken Simmer Sauce Pouch",
    "url": "https://www.coles.com.au/product/passage-foods-passage-to-india-sri-lankan-coconut-&-cashew-chicken-simmer-sauce-pouch-375g-1329180",
    "img": "https://productimages.coles.com.au/productimages/1/1329180.jpg",
    "price": 6.3,
    "quantity": 0.375,
    "unitPrice": 16.8
  },
  {
    "name": "Passage To India Butter Chicken Simmer Sauce Pouch Extra Mild",
    "url": "https://www.coles.com.au/product/passage-foods-passage-to-india-butter-chicken-simmer-sauce-pouch-extra-mild-375g-2360991",
    "img": "https://productimages.coles.com.au/productimages/2/2360991.jpg",
    "price": 6.3,
    "quantity": 0.375,
    "unitPrice": 16.8
  },
  {
    "name": "Passage To India Balinese Curry Simmer Sauce ",
    "url": "https://www.coles.com.au/product/passage-foods-passage-to-india-balinese-curry-simmer-sauce--375g-3997258",
    "img": "https://productimages.coles.com.au/productimages/3/3997258.jpg",
    "price": 6.3,
    "quantity": 0.375,
    "unitPrice": 16.8
  },
  {
    "name": "Passage To India Tikka Masala Simmer Sauce Pouch",
    "url": "https://www.coles.com.au/product/passage-foods-passage-to-india-tikka-masala-simmer-sauce-pouch-375g-4699030",
    "img": "https://productimages.coles.com.au/productimages/4/4699030.jpg",
    "price": 6.3,
    "quantity": 0.375,
    "unitPrice": 16.8
  },
  {
    "name": "Passage To India Rogan Josh Simmer Sauce Pouch",
    "url": "https://www.coles.com.au/product/passage-foods-passage-to-india-rogan-josh-simmer-sauce-pouch-375g-4699040",
    "img": "https://productimages.coles.com.au/productimages/4/4699040.jpg",
    "price": 6.3,
    "quantity": 0.375,
    "unitPrice": 16.8
  },
  {
    "name": "Nepalese Chicken Curry",
    "url": "https://www.coles.com.au/product/passage-to-india-nepalese-chicken-curry-375g-5193976",
    "img": "https://productimages.coles.com.au/productimages/5/5193976.jpg",
    "price": 6.3,
    "quantity": 0.375,
    "unitPrice": 16.8
  },
  {
    "name": "Passage to India Vindaloo Simmer Sauce Pouch",
    "url": "https://www.coles.com.au/product/passage-foods-passage-to-india-vindaloo-simmer-sauce-pouch-375g-6293943",
    "img": "https://productimages.coles.com.au/productimages/6/6293943.jpg",
    "price": 6.3,
    "quantity": 0.375,
    "unitPrice": 16.8
  },
  {
    "name": "Extra Spicy Butter Chicken Simmer Sauce",
    "url": "https://www.coles.com.au/product/passage-to-india-extra-spicy-butter-chicken-simmer-sauce-375g-6510746",
    "img": "https://productimages.coles.com.au/productimages/6/6510746.jpg",
    "price": 6.3,
    "quantity": 0.375,
    "unitPrice": 16.8
  },
  {
    "name": "Passage To India Balti Curry Simmer Sauce Pouch",
    "url": "https://www.coles.com.au/product/passage-foods-passage-to-india-balti-curry-simmer-sauce-pouch-375g-6836197",
    "img": "https://productimages.coles.com.au/productimages/6/6836197.jpg",
    "price": 6.3,
    "quantity": 0.375,
    "unitPrice": 16.8
  },
  {
    "name": "Passage To India Korma Curry Simmer Sauce Pouch",
    "url": "https://www.coles.com.au/product/passage-foods-passage-to-india-korma-curry-simmer-sauce-pouch-375g-9781580",
    "img": "https://productimages.coles.com.au/productimages/9/9781580.jpg",
    "price": 6.3,
    "quantity": 0.375,
    "unitPrice": 16.8
  },
  {
    "name": "Spread",
    "url": "https://www.coles.com.au/product/vegemite-spread-560g-6027622",
    "img": "https://productimages.coles.com.au/productimages/6/6027622.jpg",
    "price": 9.4,
    "quantity": 0.56,
    "unitPrice": 16.8
  },
  {
    "name": "100% Australian Pure Honey Squeeze",
    "url": "https://www.coles.com.au/product/coles-100%-australian-pure-honey-squeeze-250g-6928681",
    "img": "https://productimages.coles.com.au/productimages/6/6928681.jpg",
    "price": 4.2,
    "quantity": 0.25,
    "unitPrice": 16.8
  },
  {
    "name": "100% Pure Australian Honey Jar",
    "url": "https://www.coles.com.au/product/beechworth-honey-100%-pure-australian-honey-jar-950g-4462245",
    "img": "https://productimages.coles.com.au/productimages/4/4462245.jpg",
    "price": 16,
    "quantity": 0.95,
    "unitPrice": 16.8
  },
  {
    "name": "Classico Italian Extra Virgin Olive Oil",
    "url": "https://www.coles.com.au/product/monini-classico-italian-extra-virgin-olive-oil-750ml-3526604",
    "img": "https://productimages.coles.com.au/productimages/3/3526604.jpg",
    "price": 12.6,
    "quantity": 0.75,
    "unitPrice": 16.8
  },
  {
    "name": "Kraft Easy Mac & Cheese Macaroni Pasta Classic Cheese Box",
    "url": "https://www.woolworths.com.au/shop/productdetails/210635",
    "img": "https://cdn0.woolworths.media/content/wowproductimages/medium/210635.jpg",
    "price": 4.7,
    "quantity": 0.28,
    "unitPrice": 16.8
  },
  {
    "name": "Kraft Easy Mac & Cheese Macaroni Pasta Cheesy Chicken Box",
    "url": "https://www.woolworths.com.au/shop/productdetails/232270",
    "img": "https://cdn0.woolworths.media/content/wowproductimages/medium/232270.jpg",
    "price": 4.7,
    "quantity": 0.28,
    "unitPrice": 16.8
  },
  {
    "name": "Vegemite Spread",
    "url": "https://www.woolworths.com.au/shop/productdetails/280512",
    "img": "https://cdn0.woolworths.media/content/wowproductimages/medium/280512.jpg",
    "price": 9.4,
    "quantity": 0.56,
    "unitPrice": 16.8
  },
  {
    "name": "Arnott's Spicy Fruit Roll Biscuits",
    "url": "https://www.woolworths.com.au/shop/productdetails/36034",
    "img": "https://cdn0.woolworths.media/content/wowproductimages/medium/036034.jpg",
    "price": 4.2,
    "quantity": 0.25,
    "unitPrice": 16.8
  },
  {
    "name": "Greek Style Vanilla Bean Yoghurt",
    "url": "https://www.coles.com.au/product/farmers-union-greek-style-vanilla-bean-yoghurt-130g-3087060",
    "img": "https://productimages.coles.com.au/productimages/3/3087060.jpg",
    "price": 2.2,
    "quantity": 0.13,
    "unitPrice": 16.9
  },
  {
    "name": "Greek Style Yoghurt",
    "url": "https://www.coles.com.au/product/farmers-union-greek-style-yoghurt-130g-3087071",
    "img": "https://productimages.coles.com.au/productimages/3/3087071.jpg",
    "price": 2.2,
    "quantity": 0.13,
    "unitPrice": 16.9
  },
  {
    "name": "Greek Style Strawberry Yoghurt Pouch",
    "url": "https://www.coles.com.au/product/farmers-union-greek-style-strawberry-yoghurt-pouch-130g-3251415",
    "img": "https://productimages.coles.com.au/productimages/3/3251415.jpg",
    "price": 2.2,
    "quantity": 0.13,
    "unitPrice": 16.9
  },
  {
    "name": "Greek Style Mango Yoghurt Pouch",
    "url": "https://www.coles.com.au/product/farmers-union-greek-style-mango-yoghurt-pouch-130g-3305810",
    "img": "https://productimages.coles.com.au/productimages/3/3305810.jpg",
    "price": 2.2,
    "quantity": 0.13,
    "unitPrice": 16.9
  },
  {
    "name": "Greek Style Passionfruit Yoghurt Pouch",
    "url": "https://www.coles.com.au/product/farmers-union-greek-style-passionfruit-yoghurt-pouch-130g-3306765",
    "img": "https://productimages.coles.com.au/productimages/3/3306765.jpg",
    "price": 2.2,
    "quantity": 0.13,
    "unitPrice": 16.9
  },
  {
    "name": "Yoghurt Peach 130g",
    "url": "https://www.coles.com.au/product/farmers-union-yoghurt-peach-130g-130g-3830911",
    "img": "https://productimages.coles.com.au/productimages/3/3830911.jpg",
    "price": 2.2,
    "quantity": 0.13,
    "unitPrice": 16.9
  },
  {
    "name": "No Added Sugar Kids Yogurt Pouch Vanilla",
    "url": "https://www.coles.com.au/product/farmers-union-no-added-sugar-kids-yogurt-pouch-vanilla-130g-6600678",
    "img": "https://productimages.coles.com.au/productimages/6/6600678.jpg",
    "price": 2.2,
    "quantity": 0.13,
    "unitPrice": 16.9
  },
  {
    "name": "No Added Sugar Kids Yogurt Pouch Strawberry",
    "url": "https://www.coles.com.au/product/farmers-union-no-added-sugar-kids-yogurt-pouch-strawberry-130g-6600689",
    "img": "https://productimages.coles.com.au/productimages/6/6600689.jpg",
    "price": 2.2,
    "quantity": 0.13,
    "unitPrice": 16.9
  },
  {
    "name": "No Added Sugar Kids Yogurt Pouch Blueberry",
    "url": "https://www.coles.com.au/product/farmers-union-no-added-sugar-kids-yogurt-pouch-blueberry-130g-6600805",
    "img": "https://productimages.coles.com.au/productimages/6/6600805.jpg",
    "price": 2.2,
    "quantity": 0.13,
    "unitPrice": 16.9
  },
  {
    "name": "Vegan Pancake Mix Vanilla",
    "url": "https://www.coles.com.au/product/kialla-organic-vegan-pancake-mix-vanilla-325g-4966395",
    "img": "https://productimages.coles.com.au/productimages/4/4966395.jpg",
    "price": 5.5,
    "quantity": 0.325,
    "unitPrice": 16.9
  },
  {
    "name": "Waffle Pancake Mix Classic",
    "url": "https://www.coles.com.au/product/kialla-organic-waffle-pancake-mix-classic-325g-4966431",
    "img": "https://productimages.coles.com.au/productimages/4/4966431.jpg",
    "price": 5.5,
    "quantity": 0.325,
    "unitPrice": 16.9
  },
  {
    "name": "Waffle Pancake Mix Classic",
    "url": "https://www.coles.com.au/product/kialla-organic-waffle-pancake-mix-classic-325g-4966431",
    "img": "https://productimages.coles.com.au/productimages/4/4966431.jpg",
    "price": 5.5,
    "quantity": 0.325,
    "unitPrice": 16.9
  },
  {
    "name": "Gluten Free Sauce Stir Fry Asian Herb",
    "url": "https://www.coles.com.au/product/kikkoman-gluten-free-sauce-stir-fry-asian-herb-225g-5007572",
    "img": "https://productimages.coles.com.au/productimages/5/5007572.jpg",
    "price": 3.8,
    "quantity": 0.225,
    "unitPrice": 16.9
  },
  {
    "name": "Tandoori Paste Marinade",
    "url": "https://www.coles.com.au/product/patak's-tandoori-paste-marinade-295g-5030734",
    "img": "https://productimages.coles.com.au/productimages/5/5030734.jpg",
    "price": 5,
    "quantity": 0.295,
    "unitPrice": 16.9
  },
  {
    "name": "Spread",
    "url": "https://www.coles.com.au/product/promite-spread-290g-224959",
    "img": "https://productimages.coles.com.au/productimages/2/224959.jpg",
    "price": 4.9,
    "quantity": 0.29,
    "unitPrice": 16.9
  },
  {
    "name": "Coco Belgian White Chocolate & Hazelnut Spread",
    "url": "https://www.coles.com.au/product/leo-coco-belgian-white-chocolate-&-hazelnut-spread-325g-4463973",
    "img": "https://productimages.coles.com.au/productimages/4/4463973.jpg",
    "price": 5.5,
    "quantity": 0.325,
    "unitPrice": 16.9
  },
  {
    "name": "Coco Belgian Milk Chocolate & Hazelnut Spread",
    "url": "https://www.coles.com.au/product/leo-coco-belgian-milk-chocolate-&-hazelnut-spread-325g-4463984",
    "img": "https://productimages.coles.com.au/productimages/4/4463984.jpg",
    "price": 5.5,
    "quantity": 0.325,
    "unitPrice": 16.9
  },
  {
    "name": "Saucy Sauce Mayonnaise & Ketchup Tomato Sauce",
    "url": "https://www.coles.com.au/product/heinz-saucy-sauce-mayonnaise-&-ketchup-tomato-sauce-295ml-5990555",
    "img": "https://productimages.coles.com.au/productimages/5/5990555.jpg",
    "price": 5,
    "quantity": 0.295,
    "unitPrice": 16.9
  },
  {
    "name": "Brazilian Cheese Bread",
    "url": "https://www.coles.com.au/product/cheesebuddy-brazilian-cheese-bread-450g-3947351",
    "img": "https://productimages.coles.com.au/productimages/3/3947351.jpg",
    "price": 7.6,
    "quantity": 0.45,
    "unitPrice": 16.9
  },
  {
    "name": "Oat Milk Chocolate Hazelnut Ice Cream Tub",
    "url": "https://www.coles.com.au/product/halo-top-oat-milk-chocolate-hazelnut-ice-cream-tub-473ml-3830376",
    "img": "https://productimages.coles.com.au/productimages/3/3830376.jpg",
    "price": 8,
    "quantity": 0.473,
    "unitPrice": 16.9
  },
  {
    "name": "Brownie Batter Ice Cream Tub",
    "url": "https://www.coles.com.au/product/halo-top-brownie-batter-ice-cream-tub-473ml-3830412",
    "img": "https://productimages.coles.com.au/productimages/3/3830412.jpg",
    "price": 8,
    "quantity": 0.473,
    "unitPrice": 16.9
  },
  {
    "name": "Cookies & Cream",
    "url": "https://www.coles.com.au/product/halo-top-cookies-&-cream-473ml-4458929",
    "img": "https://productimages.coles.com.au/productimages/4/4458929.jpg",
    "price": 8,
    "quantity": 0.473,
    "unitPrice": 16.9
  },
  {
    "name": "Salted Caramel Tub",
    "url": "https://www.coles.com.au/product/halo-top-salted-caramel-tub-473ml-5488834",
    "img": "https://productimages.coles.com.au/productimages/5/5488834.jpg",
    "price": 8,
    "quantity": 0.473,
    "unitPrice": 16.9
  },
  {
    "name": "Brazilian Cheese Bread",
    "url": "https://www.coles.com.au/product/cheesebuddy-brazilian-cheese-bread-450g-3947351",
    "img": "https://productimages.coles.com.au/productimages/3/3947351.jpg",
    "price": 7.6,
    "quantity": 0.45,
    "unitPrice": 16.9
  },
  {
    "name": "Oat Milk Chocolate Hazelnut Ice Cream Tub",
    "url": "https://www.coles.com.au/product/halo-top-oat-milk-chocolate-hazelnut-ice-cream-tub-473ml-3830376",
    "img": "https://productimages.coles.com.au/productimages/3/3830376.jpg",
    "price": 8,
    "quantity": 0.473,
    "unitPrice": 16.9
  },
  {
    "name": "Brownie Batter Ice Cream Tub",
    "url": "https://www.coles.com.au/product/halo-top-brownie-batter-ice-cream-tub-473ml-3830412",
    "img": "https://productimages.coles.com.au/productimages/3/3830412.jpg",
    "price": 8,
    "quantity": 0.473,
    "unitPrice": 16.9
  },
  {
    "name": "Cookies & Cream",
    "url": "https://www.coles.com.au/product/halo-top-cookies-&-cream-473ml-4458929",
    "img": "https://productimages.coles.com.au/productimages/4/4458929.jpg",
    "price": 8,
    "quantity": 0.473,
    "unitPrice": 16.9
  },
  {
    "name": "Salted Caramel Tub",
    "url": "https://www.coles.com.au/product/halo-top-salted-caramel-tub-473ml-5488834",
    "img": "https://productimages.coles.com.au/productimages/5/5488834.jpg",
    "price": 8,
    "quantity": 0.473,
    "unitPrice": 16.9
  },
  {
    "name": "Rana Fettuccine Pasta",
    "url": "https://www.woolworths.com.au/shop/productdetails/81571",
    "img": "https://cdn0.woolworths.media/content/wowproductimages/medium/081571.jpg",
    "price": 5.5,
    "quantity": 0.325,
    "unitPrice": 16.9
  },
  {
    "name": "Farmers Union Greek Style Yoghurt Pouch Strawberry",
    "url": "https://www.woolworths.com.au/shop/productdetails/686461",
    "img": "https://cdn0.woolworths.media/content/wowproductimages/medium/686461.jpg",
    "price": 2.2,
    "quantity": 0.13,
    "unitPrice": 16.9
  },
  {
    "name": "Farmers Union Greek Style Yogurt Pouch Real Vanilla Bean",
    "url": "https://www.woolworths.com.au/shop/productdetails/663177",
    "img": "https://cdn0.woolworths.media/content/wowproductimages/medium/663177.jpg",
    "price": 2.2,
    "quantity": 0.13,
    "unitPrice": 16.9
  },
  {
    "name": "Farmers Union Greek Style Yoghurt Pouch Hint Of Real Mango",
    "url": "https://www.woolworths.com.au/shop/productdetails/686455",
    "img": "https://cdn0.woolworths.media/content/wowproductimages/medium/686455.jpg",
    "price": 2.2,
    "quantity": 0.13,
    "unitPrice": 16.9
  },
  {
    "name": "Farmers Union Greek Style Yoghurt Pouch Passionfruit",
    "url": "https://www.woolworths.com.au/shop/productdetails/168114",
    "img": "https://cdn0.woolworths.media/content/wowproductimages/medium/168114.jpg",
    "price": 2.2,
    "quantity": 0.13,
    "unitPrice": 16.9
  },
  {
    "name": "Farmers Union Greek Style Yogurt Pouch Natural",
    "url": "https://www.woolworths.com.au/shop/productdetails/663179",
    "img": "https://cdn0.woolworths.media/content/wowproductimages/medium/663179.jpg",
    "price": 2.2,
    "quantity": 0.13,
    "unitPrice": 16.9
  },
  {
    "name": "Mayver's Hulled Tahini Spread",
    "url": "https://www.woolworths.com.au/shop/productdetails/29348",
    "img": "https://cdn0.woolworths.media/content/wowproductimages/medium/029348.jpg",
    "price": 6.5,
    "quantity": 0.385,
    "unitPrice": 16.9
  },
  {
    "name": "Hp Original Barbecue Bbq Sauce 99% Fat Free Brown Sauce",
    "url": "https://www.woolworths.com.au/shop/productdetails/728546",
    "img": "https://cdn0.woolworths.media/content/wowproductimages/medium/728546.jpg",
    "price": 6.6,
    "quantity": 0.39,
    "unitPrice": 16.9
  },
  {
    "name": "Heinz Saucy Sauce Mayonnaise Ketchup Mayo Tomato Sauce Blend",
    "url": "https://www.woolworths.com.au/shop/productdetails/238371",
    "img": "https://cdn0.woolworths.media/content/wowproductimages/medium/238371.jpg",
    "price": 5,
    "quantity": 0.295,
    "unitPrice": 16.9
  },
  {
    "name": "Westacre Dairy Tasty Cheese Slices",
    "url": "https://www.aldi.com.au/en/groceries/fresh-produce/dairy-eggs/dairy-eggs-detail/ps/p/westacre-dairy-tasty-cheese-slices-500g/",
    "img": "https://www.aldi.com.au/fileadmin/_processed_/7/5/csm_1001605-3_1x1_Q4_WEB-AUDIT_DAIRY_228x128_11_a1f9ab4c69.jpg",
    "price": 8.49,
    "quantity": 0.5,
    "unitPrice": 16.98
  },
  {
    "name": "Prunes",
    "url": "https://www.coles.com.au/product/coles-prunes-approx.-100g-8417060",
    "img": "https://productimages.coles.com.au/productimages/8/8417060.jpg",
    "price": 1.7,
    "quantity": 0.1,
    "unitPrice": 17
  },
  {
    "name": "Middle Bacon Rind On",
    "url": "https://www.coles.com.au/product/primo-middle-bacon-rind-on-approx.-100g-4304255",
    "img": "https://productimages.coles.com.au/productimages/4/4304255.jpg",
    "price": 1.7,
    "quantity": 0.1,
    "unitPrice": 17
  },
  {
    "name": "Middle Bacon Rind On",
    "url": "https://www.coles.com.au/product/primo-middle-bacon-rind-on-approx.-100g-4304255",
    "img": "https://productimages.coles.com.au/productimages/4/4304255.jpg",
    "price": 1.7,
    "quantity": 0.1,
    "unitPrice": 17
  },
  {
    "name": "Instant Batter Mix",
    "url": "https://www.coles.com.au/product/mary-macks-instant-batter-mix-150g-5361764",
    "img": "https://productimages.coles.com.au/productimages/5/5361764.jpg",
    "price": 2.5,
    "quantity": 0.15,
    "unitPrice": 17
  },
  {
    "name": "Australian Pitted Prunes",
    "url": "https://www.coles.com.au/product/angas-park-australian-pitted-prunes-500g-7050324",
    "img": "https://productimages.coles.com.au/productimages/7/7050324.jpg",
    "price": 8.5,
    "quantity": 0.5,
    "unitPrice": 17
  },
  {
    "name": "Australian Pitted Prunes",
    "url": "https://www.coles.com.au/product/angas-park-australian-pitted-prunes-500g-7050324",
    "img": "https://productimages.coles.com.au/productimages/7/7050324.jpg",
    "price": 8.5,
    "quantity": 0.5,
    "unitPrice": 17
  },
  {
    "name": "Original Fried Noodles",
    "url": "https://www.coles.com.au/product/chang's-original-fried-noodles-100g-292212",
    "img": "https://productimages.coles.com.au/productimages/2/292212.jpg",
    "price": 1.7,
    "quantity": 0.1,
    "unitPrice": 17
  },
  {
    "name": "Sliced Pickled Ginger Amazu Shoga",
    "url": "https://www.coles.com.au/product/obento-sliced-pickled-ginger-amazu-shoga-100g-6069134",
    "img": "https://productimages.coles.com.au/productimages/6/6069134.jpg",
    "price": 1.7,
    "quantity": 0.1,
    "unitPrice": 17
  },
  {
    "name": "Crunchy Fried Noodles",
    "url": "https://www.coles.com.au/product/chang's-crunchy-fried-noodles-100g-6467498",
    "img": "https://productimages.coles.com.au/productimages/6/6467498.jpg",
    "price": 1.7,
    "quantity": 0.1,
    "unitPrice": 17
  },
  {
    "name": "Garam Masala Powder",
    "url": "https://www.coles.com.au/product/pattu-garam-masala-powder-200g-3339221",
    "img": "https://productimages.coles.com.au/productimages/3/3339221.jpg",
    "price": 3.4,
    "quantity": 0.2,
    "unitPrice": 17
  },
  {
    "name": "Vietnamese Beef Pho Kit",
    "url": "https://www.coles.com.au/product/mr-chen's-vietnamese-beef-pho-kit-500g-3740557",
    "img": "https://productimages.coles.com.au/productimages/3/3740557.jpg",
    "price": 8.5,
    "quantity": 0.5,
    "unitPrice": 17
  },
  {
    "name": "Dressing Salad & French Fry",
    "url": "https://www.coles.com.au/product/spur-dressing-salad-&-french-fry-500g-5576126",
    "img": "https://productimages.coles.com.au/productimages/5/5576126.jpg",
    "price": 8.5,
    "quantity": 0.5,
    "unitPrice": 17
  },
  {
    "name": "Ramen Kyushu Tonkotsu",
    "url": "https://www.coles.com.au/product/nissin-ramen-kyushu-tonkotsu-176g-6839548",
    "img": "https://productimages.coles.com.au/productimages/6/6839548.jpg",
    "price": 3,
    "quantity": 0.176,
    "unitPrice": 17
  },
  {
    "name": "100% Pure Australian Honey Jar",
    "url": "https://www.coles.com.au/product/beechworth-honey-100%-pure-australian-honey-jar-500g-2624437",
    "img": "https://productimages.coles.com.au/productimages/2/2624437.jpg",
    "price": 8.5,
    "quantity": 0.5,
    "unitPrice": 17
  },
  {
    "name": "Raw Organic Honey",
    "url": "https://www.coles.com.au/product/pureharvest-raw-organic-honey-500g-9657300",
    "img": "https://productimages.coles.com.au/productimages/9/9657300.jpg",
    "price": 8.5,
    "quantity": 0.5,
    "unitPrice": 17
  },
  {
    "name": "Extra Virgin Olive Oil",
    "url": "https://www.coles.com.au/product/red-island-extra-virgin-olive-oil-1l-6571900",
    "img": "https://productimages.coles.com.au/productimages/6/6571900.jpg",
    "price": 17,
    "quantity": 1,
    "unitPrice": 17
  },
  {
    "name": "Frozen Party Classic Beef Pies 12 pack",
    "url": "https://www.coles.com.au/product/patties-frozen-party-classic-beef-pies-12-pack-560g-5237153",
    "img": "https://productimages.coles.com.au/productimages/5/5237153.jpg",
    "price": 9.5,
    "quantity": 0.56,
    "unitPrice": 17
  },
  {
    "name": "Life Savers Ice Cream 8 pack",
    "url": "https://www.coles.com.au/product/peters-life-savers-ice-cream-8-pack-530ml-7213575",
    "img": "https://productimages.coles.com.au/productimages/7/7213575.jpg",
    "price": 9,
    "quantity": 0.53,
    "unitPrice": 17
  },
  {
    "name": "Plant Based Meatball",
    "url": "https://www.coles.com.au/product/birds-eye-plant-based-meatball-300g-4327320",
    "img": "https://productimages.coles.com.au/productimages/4/4327320.jpg",
    "price": 5.1,
    "quantity": 0.3,
    "unitPrice": 17
  },
  {
    "name": "Plant Based Burgers",
    "url": "https://www.coles.com.au/product/birds-eye-plant-based-burgers-300g-4327330",
    "img": "https://productimages.coles.com.au/productimages/4/4327330.jpg",
    "price": 5.1,
    "quantity": 0.3,
    "unitPrice": 17
  },
  {
    "name": "Plant Based Wholemeal Crumb Chicken Tenders",
    "url": "https://www.coles.com.au/product/birds-eye-plant-based-wholemeal-crumb-chicken-tenders-300g-4327341",
    "img": "https://productimages.coles.com.au/productimages/4/4327341.jpg",
    "price": 5.1,
    "quantity": 0.3,
    "unitPrice": 17
  },
  {
    "name": "Plant Based Mince",
    "url": "https://www.coles.com.au/product/birds-eye-plant-based-mince-300g-4327363",
    "img": "https://productimages.coles.com.au/productimages/4/4327363.jpg",
    "price": 5.1,
    "quantity": 0.3,
    "unitPrice": 17
  },
  {
    "name": "Plant Based Chicken Style Nuggets",
    "url": "https://www.coles.com.au/product/birds-eye-plant-based-chicken-style-nuggets-300g-5645502",
    "img": "https://productimages.coles.com.au/productimages/5/5645502.jpg",
    "price": 5.1,
    "quantity": 0.3,
    "unitPrice": 17
  },
  {
    "name": "Plant Based Chicken Style Fingers",
    "url": "https://www.coles.com.au/product/birds-eye-plant-based-chicken-style-fingers-300g-5645660",
    "img": "https://productimages.coles.com.au/productimages/5/5645660.jpg",
    "price": 5.1,
    "quantity": 0.3,
    "unitPrice": 17
  },
  {
    "name": "Plant Based Sweet Chilli Tenders",
    "url": "https://www.coles.com.au/product/birds-eye-plant-based-sweet-chilli-tenders-300g-5645681",
    "img": "https://productimages.coles.com.au/productimages/5/5645681.jpg",
    "price": 5.1,
    "quantity": 0.3,
    "unitPrice": 17
  },
  {
    "name": "Frozen Cheese & Bacon Family Pizza",
    "url": "https://www.coles.com.au/product/mccain-frozen-cheese-&-bacon-family-pizza-500g-181572",
    "img": "https://productimages.coles.com.au/productimages/1/181572.jpg",
    "price": 8.5,
    "quantity": 0.5,
    "unitPrice": 17
  },
  {
    "name": "Frozen Supreme Family Pizza",
    "url": "https://www.coles.com.au/product/mccain-frozen-supreme-family-pizza-500g-251124",
    "img": "https://productimages.coles.com.au/productimages/2/251124.jpg",
    "price": 8.5,
    "quantity": 0.5,
    "unitPrice": 17
  },
  {
    "name": "Frozen BBQ Chicken & Pineapple Family Pizza",
    "url": "https://www.coles.com.au/product/mccain-frozen-bbq-chicken-&-pineapple-family-pizza-500g-3157246",
    "img": "https://productimages.coles.com.au/productimages/3/3157246.jpg",
    "price": 8.5,
    "quantity": 0.5,
    "unitPrice": 17
  },
  {
    "name": "Cocktail Samosa",
    "url": "https://www.coles.com.au/product/sabrini-cocktail-samosa-500g-3775085",
    "img": "https://productimages.coles.com.au/productimages/3/3775085.jpg",
    "price": 8.5,
    "quantity": 0.5,
    "unitPrice": 17
  },
  {
    "name": "Frozen Ham & Pineapple Family Pizza",
    "url": "https://www.coles.com.au/product/mccain-frozen-ham-&-pineapple-family-pizza-500g-403765",
    "img": "https://productimages.coles.com.au/productimages/4/403765.jpg",
    "price": 8.5,
    "quantity": 0.5,
    "unitPrice": 17
  },
  {
    "name": "Frozen BBQ Meatlovers Family Pizza",
    "url": "https://www.coles.com.au/product/mccain-frozen-bbq-meatlovers-family-pizza-500g-7010250",
    "img": "https://productimages.coles.com.au/productimages/7/7010250.jpg",
    "price": 8.5,
    "quantity": 0.5,
    "unitPrice": 17
  },
  {
    "name": "Family Margherita Frozen Pizza",
    "url": "https://www.coles.com.au/product/mccain-family-margherita-frozen-pizza-500g-9289160",
    "img": "https://productimages.coles.com.au/productimages/9/9289160.jpg",
    "price": 8.5,
    "quantity": 0.5,
    "unitPrice": 17
  },
  {
    "name": "Frozen Premium Potato Pie 2 pack",
    "url": "https://www.coles.com.au/product/balfours-frozen-premium-potato-pie-2-pack-440g-7961729",
    "img": "https://productimages.coles.com.au/productimages/7/7961729.jpg",
    "price": 7.5,
    "quantity": 0.44,
    "unitPrice": 17
  },
  {
    "name": "Frozen Party Classic Beef Pies 12 pack",
    "url": "https://www.coles.com.au/product/patties-frozen-party-classic-beef-pies-12-pack-560g-5237153",
    "img": "https://productimages.coles.com.au/productimages/5/5237153.jpg",
    "price": 9.5,
    "quantity": 0.56,
    "unitPrice": 17
  },
  {
    "name": "Life Savers Ice Cream 8 pack",
    "url": "https://www.coles.com.au/product/peters-life-savers-ice-cream-8-pack-530ml-7213575",
    "img": "https://productimages.coles.com.au/productimages/7/7213575.jpg",
    "price": 9,
    "quantity": 0.53,
    "unitPrice": 17
  },
  {
    "name": "Plant Based Meatball",
    "url": "https://www.coles.com.au/product/birds-eye-plant-based-meatball-300g-4327320",
    "img": "https://productimages.coles.com.au/productimages/4/4327320.jpg",
    "price": 5.1,
    "quantity": 0.3,
    "unitPrice": 17
  },
  {
    "name": "Beef Thyme And Parsley Burgers",
    "url": "https://www.coles.com.au/product/coles-beef-thyme-and-parsley-burgers-500g-3034348",
    "img": "https://productimages.coles.com.au/productimages/3/3034348.jpg",
    "price": 8.5,
    "quantity": 0.5,
    "unitPrice": 17
  },
  {
    "name": "Kanga Bangas",
    "url": "https://www.coles.com.au/product/k-roo-kanga-bangas-500g-1200231",
    "img": "https://productimages.coles.com.au/productimages/1/1200231.jpg",
    "price": 8.5,
    "quantity": 0.5,
    "unitPrice": 17
  },
  {
    "name": "Cumberland Sausages",
    "url": "https://www.coles.com.au/product/british-cumberland-sausages-500g-2814818",
    "img": "https://productimages.coles.com.au/productimages/2/2814818.jpg",
    "price": 8.5,
    "quantity": 0.5,
    "unitPrice": 17
  },
  {
    "name": "Lincolnshire Sausages",
    "url": "https://www.coles.com.au/product/british-sausage-co-lincolnshire-sausages-500g-3139084",
    "img": "https://productimages.coles.com.au/productimages/3/3139084.jpg",
    "price": 8.5,
    "quantity": 0.5,
    "unitPrice": 17
  },
  {
    "name": "Graze Lamb Mince",
    "url": "https://www.coles.com.au/product/coles-graze-lamb-mince-500g-3697710",
    "img": "https://productimages.coles.com.au/productimages/3/3697710.jpg",
    "price": 8.5,
    "quantity": 0.5,
    "unitPrice": 17
  },
  {
    "name": "Classic Beef Burgers",
    "url": "https://www.coles.com.au/product/coles-classic-beef-burgers-500g-3898948",
    "img": "https://productimages.coles.com.au/productimages/3/3898948.jpg",
    "price": 8.5,
    "quantity": 0.5,
    "unitPrice": 17
  },
  {
    "name": "Welsh Recipe Pork And Leek Sausages",
    "url": "https://www.coles.com.au/product/british-welsh-recipe-pork-and-leek-sausages-500g-5175908",
    "img": "https://productimages.coles.com.au/productimages/5/5175908.jpg",
    "price": 8.5,
    "quantity": 0.5,
    "unitPrice": 17
  },
  {
    "name": "Pork Loin Steaks Thin Cut Fff",
    "url": "https://www.coles.com.au/product/coles-pork-loin-steaks-thin-cut-fff-500g-6135432",
    "img": "https://productimages.coles.com.au/productimages/6/6135432.jpg",
    "price": 8.5,
    "quantity": 0.5,
    "unitPrice": 17
  },
  {
    "name": "Pork Loin Chops",
    "url": "https://www.coles.com.au/product/coles-pork-loin-chops-approx.-887g-3035260",
    "img": "https://productimages.coles.com.au/productimages/3/3035260.jpg",
    "price": 15.08,
    "quantity": 0.887,
    "unitPrice": 17
  },
  {
    "name": "RSPCA Approved Free Range Chicken Breast Fillet Small Pack",
    "url": "https://www.coles.com.au/product/coles-rspca-approved-free-range-chicken-breast-fillet-small-pack-approx.-600g-3228730",
    "img": "https://productimages.coles.com.au/productimages/3/3228730.jpg",
    "price": 10.2,
    "quantity": 0.6,
    "unitPrice": 17
  },
  {
    "name": "No Added Hormone Beef Shin Gravy Beef Whole Piece",
    "url": "https://www.coles.com.au/product/coles-no-added-hormone-beef-shin-gravy-beef-whole-piece-approx.-850g-4256651",
    "img": "https://productimages.coles.com.au/productimages/4/4256651.jpg",
    "price": 14.45,
    "quantity": 0.85,
    "unitPrice": 17
  },
  {
    "name": "Beef Roast & Onion Garlic & Red Wine Rub",
    "url": "https://www.coles.com.au/product/coles-beef-roast-&-onion-garlic-&-red-wine-rub-approx.-1.2kg-4256902",
    "img": "https://productimages.coles.com.au/productimages/4/4256902.jpg",
    "price": 20.4,
    "quantity": 1.2,
    "unitPrice": 17
  },
  {
    "name": "Beef Tender Blade Roast",
    "url": "https://www.coles.com.au/product/coles-beef-tender-blade-roast-approx.-1kg-5176004",
    "img": "https://productimages.coles.com.au/productimages/5/5176004.jpg",
    "price": 17,
    "quantity": 1,
    "unitPrice": 17
  },
  {
    "name": "Butterflied Boneless Chicken Jamacian Jerk",
    "url": "https://www.coles.com.au/product/lilydale-butterflied-boneless-chicken-jamacian-jerk-approx.-1.35kg-5552274",
    "img": "https://productimages.coles.com.au/productimages/5/5552274.jpg",
    "price": 22.95,
    "quantity": 1.35,
    "unitPrice": 17
  },
  {
    "name": "No Added Hormone Beef Blade Steak",
    "url": "https://www.coles.com.au/product/drovers-choice-no-added-hormone-beef-blade-steak-approx.-1.2kg-8749311",
    "img": "https://productimages.coles.com.au/productimages/8/8749311.jpg",
    "price": 20.4,
    "quantity": 1.2,
    "unitPrice": 17
  },
  {
    "name": "Kanga Bangas",
    "url": "https://www.coles.com.au/product/k-roo-kanga-bangas-500g-1200231",
    "img": "https://productimages.coles.com.au/productimages/1/1200231.jpg",
    "price": 8.5,
    "quantity": 0.5,
    "unitPrice": 17
  },
  {
    "name": "Cumberland Sausages",
    "url": "https://www.coles.com.au/product/british-cumberland-sausages-500g-2814818",
    "img": "https://productimages.coles.com.au/productimages/2/2814818.jpg",
    "price": 8.5,
    "quantity": 0.5,
    "unitPrice": 17
  },
  {
    "name": "Lincolnshire Sausages",
    "url": "https://www.coles.com.au/product/british-sausage-co-lincolnshire-sausages-500g-3139084",
    "img": "https://productimages.coles.com.au/productimages/3/3139084.jpg",
    "price": 8.5,
    "quantity": 0.5,
    "unitPrice": 17
  },
  {
    "name": "Graze Lamb Mince",
    "url": "https://www.coles.com.au/product/coles-graze-lamb-mince-500g-3697710",
    "img": "https://productimages.coles.com.au/productimages/3/3697710.jpg",
    "price": 8.5,
    "quantity": 0.5,
    "unitPrice": 17
  },
  {
    "name": "Classic Beef Burgers",
    "url": "https://www.coles.com.au/product/coles-classic-beef-burgers-500g-3898948",
    "img": "https://productimages.coles.com.au/productimages/3/3898948.jpg",
    "price": 8.5,
    "quantity": 0.5,
    "unitPrice": 17
  },
  {
    "name": "Welsh Recipe Pork And Leek Sausages",
    "url": "https://www.coles.com.au/product/british-welsh-recipe-pork-and-leek-sausages-500g-5175908",
    "img": "https://productimages.coles.com.au/productimages/5/5175908.jpg",
    "price": 8.5,
    "quantity": 0.5,
    "unitPrice": 17
  },
  {
    "name": "Pork Loin Steaks Thin Cut Fff",
    "url": "https://www.coles.com.au/product/coles-pork-loin-steaks-thin-cut-fff-500g-6135432",
    "img": "https://productimages.coles.com.au/productimages/6/6135432.jpg",
    "price": 8.5,
    "quantity": 0.5,
    "unitPrice": 17
  },
  {
    "name": "Pork Loin Chops",
    "url": "https://www.coles.com.au/product/coles-pork-loin-chops-approx.-887g-3035260",
    "img": "https://productimages.coles.com.au/productimages/3/3035260.jpg",
    "price": 15.08,
    "quantity": 0.887,
    "unitPrice": 17
  },
  {
    "name": "RSPCA Approved Free Range Chicken Breast Fillet Small Pack",
    "url": "https://www.coles.com.au/product/coles-rspca-approved-free-range-chicken-breast-fillet-small-pack-approx.-600g-3228730",
    "img": "https://productimages.coles.com.au/productimages/3/3228730.jpg",
    "price": 10.2,
    "quantity": 0.6,
    "unitPrice": 17
  },
  {
    "name": "No Added Hormone Beef Shin Gravy Beef Whole Piece",
    "url": "https://www.coles.com.au/product/coles-no-added-hormone-beef-shin-gravy-beef-whole-piece-approx.-850g-4256651",
    "img": "https://productimages.coles.com.au/productimages/4/4256651.jpg",
    "price": 14.45,
    "quantity": 0.85,
    "unitPrice": 17
  },
  {
    "name": "Beef Roast & Onion Garlic & Red Wine Rub",
    "url": "https://www.coles.com.au/product/coles-beef-roast-&-onion-garlic-&-red-wine-rub-approx.-1.2kg-4256902",
    "img": "https://productimages.coles.com.au/productimages/4/4256902.jpg",
    "price": 20.4,
    "quantity": 1.2,
    "unitPrice": 17
  },
  {
    "name": "Beef Tender Blade Roast",
    "url": "https://www.coles.com.au/product/coles-beef-tender-blade-roast-approx.-1kg-5176004",
    "img": "https://productimages.coles.com.au/productimages/5/5176004.jpg",
    "price": 17,
    "quantity": 1,
    "unitPrice": 17
  },
  {
    "name": "Butterflied Boneless Chicken Jamacian Jerk",
    "url": "https://www.coles.com.au/product/lilydale-butterflied-boneless-chicken-jamacian-jerk-approx.-1.35kg-5552274",
    "img": "https://productimages.coles.com.au/productimages/5/5552274.jpg",
    "price": 22.95,
    "quantity": 1.35,
    "unitPrice": 17
  },
  {
    "name": "No Added Hormone Beef Blade Steak",
    "url": "https://www.coles.com.au/product/drovers-choice-no-added-hormone-beef-blade-steak-approx.-1.2kg-8749311",
    "img": "https://productimages.coles.com.au/productimages/8/8749311.jpg",
    "price": 20.4,
    "quantity": 1.2,
    "unitPrice": 17
  },
  {
    "name": "Devondale Unsalted Butter",
    "url": "https://www.woolworths.com.au/shop/productdetails/802209",
    "img": "https://cdn0.woolworths.media/content/wowproductimages/medium/802209.jpg",
    "price": 8.5,
    "quantity": 0.5,
    "unitPrice": 17
  },
  {
    "name": "Devondale Butter",
    "url": "https://www.woolworths.com.au/shop/productdetails/41421",
    "img": "https://cdn0.woolworths.media/content/wowproductimages/medium/041421.jpg",
    "price": 8.5,
    "quantity": 0.5,
    "unitPrice": 17
  },
  {
    "name": "Riviana Black Beans 2.5Kg",
    "url": "https://www.woolworths.com.au/shop/productdetails/1074252181",
    "img": "https://cdn0.woolworths.media/content/wowproductimages/medium/1074252181.jpg",
    "price": 42.4,
    "quantity": 2.5,
    "unitPrice": 17
  },
  {
    "name": "Thawed Imp Perch Nile Fillets Bag And Bake Teriyaki Ginger",
    "url": "https://www.woolworths.com.au/shop/productdetails/859285",
    "img": "https://cdn0.woolworths.media/content/wowproductimages/medium/859285.jpg",
    "price": 17,
    "quantity": 1,
    "unitPrice": 17
  },
  {
    "name": "Woolworths Organic Tomato Truss",
    "url": "https://www.woolworths.com.au/shop/productdetails/808412",
    "img": "https://cdn0.woolworths.media/content/wowproductimages/medium/808412.jpg",
    "price": 8.5,
    "quantity": 0.5,
    "unitPrice": 17
  },
  {
    "name": "Coyo Organic Coconut Yoghurt Vanilla Bean",
    "url": "https://www.woolworths.com.au/shop/productdetails/622919",
    "img": "https://cdn0.woolworths.media/content/wowproductimages/medium/622919.jpg",
    "price": 8.5,
    "quantity": 0.5,
    "unitPrice": 17
  },
  {
    "name": "Coyo Organic Coconut Yoghurt Natural",
    "url": "https://www.woolworths.com.au/shop/productdetails/896940",
    "img": "https://cdn0.woolworths.media/content/wowproductimages/medium/896940.jpg",
    "price": 8.5,
    "quantity": 0.5,
    "unitPrice": 17
  },
  {
    "name": "Coyo Organic Coconut Yoghurt Greek",
    "url": "https://www.woolworths.com.au/shop/productdetails/271260",
    "img": "https://cdn0.woolworths.media/content/wowproductimages/medium/271260.jpg",
    "price": 8.5,
    "quantity": 0.5,
    "unitPrice": 17
  },
  {
    "name": "Coyo Organic Coconut Yoghurt Mango",
    "url": "https://www.woolworths.com.au/shop/productdetails/272089",
    "img": "https://cdn0.woolworths.media/content/wowproductimages/medium/272089.jpg",
    "price": 8.5,
    "quantity": 0.5,
    "unitPrice": 17
  },
  {
    "name": "Virgen de la Esperanza Arroz Bomba Spanish Bomba Rice 1kg",
    "url": "https://www.woolworths.com.au/shop/productdetails/1074415888",
    "img": "https://cdn0.woolworths.media/content/wowproductimages/medium/1074415888.jpg",
    "price": 17,
    "quantity": 1,
    "unitPrice": 17
  },
  {
    "name": "Woolworths Pork Loin Chop Medium",
    "url": "https://www.woolworths.com.au/shop/productdetails/675623",
    "img": "https://cdn0.woolworths.media/content/wowproductimages/medium/675623.jpg",
    "price": 10.2,
    "quantity": 0.6,
    "unitPrice": 17
  },
  {
    "name": "Woolworths Pork Ribs",
    "url": "https://www.woolworths.com.au/shop/productdetails/675622",
    "img": "https://cdn0.woolworths.media/content/wowproductimages/medium/675622.jpg",
    "price": 22.1,
    "quantity": 1.3,
    "unitPrice": 17
  },
  {
    "name": "The British Sausage Co British Thick Pork Sausage",
    "url": "https://www.woolworths.com.au/shop/productdetails/190082",
    "img": "https://cdn0.woolworths.media/content/wowproductimages/medium/190082.jpg",
    "price": 8.5,
    "quantity": 0.5,
    "unitPrice": 17
  },
  {
    "name": "British English Breakfast Chipolatas",
    "url": "https://www.woolworths.com.au/shop/productdetails/278370",
    "img": "https://cdn0.woolworths.media/content/wowproductimages/medium/278370.jpg",
    "price": 8.5,
    "quantity": 0.5,
    "unitPrice": 17
  },
  {
    "name": "K-roo Kangaroo Sausages Kanga Bangas Bush Tomato",
    "url": "https://www.woolworths.com.au/shop/productdetails/713467",
    "img": "https://cdn0.woolworths.media/content/wowproductimages/medium/713467.jpg",
    "price": 8.5,
    "quantity": 0.5,
    "unitPrice": 17
  },
  {
    "name": "Natural Himalayan Salt Grinder",
    "url": "https://www.woolworths.com.au/shop/productdetails/702119",
    "img": "https://cdn0.woolworths.media/content/wowproductimages/medium/702119.jpg",
    "price": 6.5,
    "quantity": 0.39,
    "unitPrice": 17
  },
  {
    "name": "Natural Coarse Sea Salt Grinder",
    "url": "https://www.woolworths.com.au/shop/productdetails/702205",
    "img": "https://cdn0.woolworths.media/content/wowproductimages/medium/702205.jpg",
    "price": 6.5,
    "quantity": 0.38,
    "unitPrice": 17
  },
  {
    "name": "Mary Mack's Instant Batter Mix",
    "url": "https://www.woolworths.com.au/shop/productdetails/58798",
    "img": "https://cdn0.woolworths.media/content/wowproductimages/medium/058798.jpg",
    "price": 2.5,
    "quantity": 0.15,
    "unitPrice": 17
  },
  {
    "name": "Beechworth 100% Pure Australian Honey Jar",
    "url": "https://www.woolworths.com.au/shop/productdetails/147757",
    "img": "https://cdn0.woolworths.media/content/wowproductimages/medium/147757.jpg",
    "price": 8.5,
    "quantity": 0.5,
    "unitPrice": 17
  },
  {
    "name": "Jordans Chunky Nut Crispy Oat Clusters",
    "url": "https://www.woolworths.com.au/shop/productdetails/780739",
    "img": "https://cdn0.woolworths.media/content/wowproductimages/medium/780739.jpg",
    "price": 8.5,
    "quantity": 0.5,
    "unitPrice": 17
  },
  {
    "name": "Jordans Bursting With Berries Crunchy Oat Granola",
    "url": "https://www.woolworths.com.au/shop/productdetails/790810",
    "img": "https://cdn0.woolworths.media/content/wowproductimages/medium/790810.jpg",
    "price": 8.5,
    "quantity": 0.5,
    "unitPrice": 17
  },
  {
    "name": "Jordans Granola Low Sugar Almond Hazelnut",
    "url": "https://www.woolworths.com.au/shop/productdetails/686551",
    "img": "https://cdn0.woolworths.media/content/wowproductimages/medium/686551.jpg",
    "price": 8.5,
    "quantity": 0.5,
    "unitPrice": 17
  },
  {
    "name": "Jordans Strawberry Crispy Oat Clusters",
    "url": "https://www.woolworths.com.au/shop/productdetails/780751",
    "img": "https://cdn0.woolworths.media/content/wowproductimages/medium/780751.jpg",
    "price": 8.5,
    "quantity": 0.5,
    "unitPrice": 17
  },
  {
    "name": "Jordans Low Sugar Granola Blueberry & Coconut",
    "url": "https://www.woolworths.com.au/shop/productdetails/85598",
    "img": "https://cdn0.woolworths.media/content/wowproductimages/medium/085598.jpg",
    "price": 8.5,
    "quantity": 0.5,
    "unitPrice": 17
  },
  {
    "name": "Jordans Crispy Oat Clusters Maple & Pecan",
    "url": "https://www.woolworths.com.au/shop/productdetails/609563",
    "img": "https://cdn0.woolworths.media/content/wowproductimages/medium/609563.jpg",
    "price": 8.5,
    "quantity": 0.5,
    "unitPrice": 17
  },
  {
    "name": "Jordans Low Sugar Granola Strawberry & Seeds",
    "url": "https://www.woolworths.com.au/shop/productdetails/207593",
    "img": "https://cdn0.woolworths.media/content/wowproductimages/medium/207593.jpg",
    "price": 8.5,
    "quantity": 0.5,
    "unitPrice": 17
  },
  {
    "name": "Nature Nate's Raw & Unfiltered Honey",
    "url": "https://www.woolworths.com.au/shop/productdetails/164651",
    "img": "https://cdn0.woolworths.media/content/wowproductimages/medium/164651.jpg",
    "price": 17,
    "quantity": 1,
    "unitPrice": 17
  },
  {
    "name": "Jordans Crispy Oat Clusters Wild About Berries",
    "url": "https://www.woolworths.com.au/shop/productdetails/147354",
    "img": "https://cdn0.woolworths.media/content/wowproductimages/medium/147354.jpg",
    "price": 8.5,
    "quantity": 0.5,
    "unitPrice": 17
  },
  {
    "name": "Jordans Cluster Bites Milk Chocolate",
    "url": "https://www.woolworths.com.au/shop/productdetails/85599",
    "img": "https://cdn0.woolworths.media/content/wowproductimages/medium/085599.jpg",
    "price": 8.5,
    "quantity": 0.5,
    "unitPrice": 17
  },
  {
    "name": "Jordans Granola Low Sugar Cherry Almond",
    "url": "https://www.woolworths.com.au/shop/productdetails/810344",
    "img": "https://cdn0.woolworths.media/content/wowproductimages/medium/810344.jpg",
    "price": 8.5,
    "quantity": 0.5,
    "unitPrice": 17
  },
  {
    "name": "Jordans Cluster Bites Honey Nut",
    "url": "https://www.woolworths.com.au/shop/productdetails/85469",
    "img": "https://cdn0.woolworths.media/content/wowproductimages/medium/085469.jpg",
    "price": 8.5,
    "quantity": 0.5,
    "unitPrice": 17
  },
  {
    "name": "Creative Kitchen Ready To Roll Coloured Fondant Multipack",
    "url": "https://www.woolworths.com.au/shop/productdetails/785164",
    "img": "https://cdn0.woolworths.media/content/wowproductimages/medium/785164.jpg",
    "price": 8.5,
    "quantity": 0.5,
    "unitPrice": 17
  },
  {
    "name": "Angas Park Prunes Pitted Resealable",
    "url": "https://www.woolworths.com.au/shop/productdetails/97011",
    "img": "https://cdn0.woolworths.media/content/wowproductimages/medium/097011.jpg",
    "price": 8.5,
    "quantity": 0.5,
    "unitPrice": 17
  },
  {
    "name": "Stuffed Olives Anchovy ",
    "url": "https://www.coles.com.au/product/always-fresh-stuffed-olives-anchovy--235g-6720818",
    "img": "https://productimages.coles.com.au/productimages/6/6720818.jpg",
    "price": 4,
    "quantity": 0.235,
    "unitPrice": 17.02
  },
  {
    "name": "Mulgowie Green Beans Cleaned & Cut",
    "url": "https://www.woolworths.com.au/shop/productdetails/730118",
    "img": "https://cdn0.woolworths.media/content/wowproductimages/medium/730118.jpg",
    "price": 5.8,
    "quantity": 0.34,
    "unitPrice": 17.06
  },
  {
    "name": "Zooper Dooper Fairy Floss Cupcake Mix",
    "url": "https://www.coles.com.au/product/greens-zooper-dooper-fairy-floss-cupcake-mix-410g-6769114",
    "img": "https://productimages.coles.com.au/productimages/6/6769114.jpg",
    "price": 7,
    "quantity": 0.41,
    "unitPrice": 17.1
  },
  {
    "name": "Zooper Dooper Fairy Floss Cupcake Mix",
    "url": "https://www.coles.com.au/product/greens-zooper-dooper-fairy-floss-cupcake-mix-410g-6769114",
    "img": "https://productimages.coles.com.au/productimages/6/6769114.jpg",
    "price": 7,
    "quantity": 0.41,
    "unitPrice": 17.1
  },
  {
    "name": "Mac And Cheese Three Cheese Pasta Macaroni Noodles",
    "url": "https://www.coles.com.au/product/kraft-mac-and-cheese-three-cheese-pasta-macaroni-noodles-205g-3867730",
    "img": "https://productimages.coles.com.au/productimages/3/3867730.jpg",
    "price": 3.5,
    "quantity": 0.205,
    "unitPrice": 17.1
  },
  {
    "name": "Mac And Cheese Three Cheese Pasta Macaroni Noodles",
    "url": "https://www.coles.com.au/product/kraft-mac-and-cheese-three-cheese-pasta-macaroni-noodles-205g-3867730",
    "img": "https://productimages.coles.com.au/productimages/3/3867730.jpg",
    "price": 3.5,
    "quantity": 0.205,
    "unitPrice": 17.1
  },
  {
    "name": "Tamar Valley Dairy Yoghurt Strawberry & Cream",
    "url": "https://www.woolworths.com.au/shop/productdetails/167552",
    "img": "https://cdn0.woolworths.media/content/wowproductimages/medium/167552.jpg",
    "price": 2.9,
    "quantity": 0.17,
    "unitPrice": 17.1
  },
  {
    "name": "Tamar Valley Dairy Yoghurt Mango & Cream Yoghurt Mango & Cream",
    "url": "https://www.woolworths.com.au/shop/productdetails/167374",
    "img": "https://cdn0.woolworths.media/content/wowproductimages/medium/167374.jpg",
    "price": 2.9,
    "quantity": 0.17,
    "unitPrice": 17.1
  },
  {
    "name": "Pauls Bluey Yoghurt Pouch Vanilla Vanilla Yellow",
    "url": "https://www.woolworths.com.au/shop/productdetails/862492",
    "img": "https://cdn0.woolworths.media/content/wowproductimages/medium/862492.jpg",
    "price": 1.2,
    "quantity": 0.07,
    "unitPrice": 17.1
  },
  {
    "name": "Tamar Valley The Creamery Greek Style Yoghurt Blueberries & Cream",
    "url": "https://www.woolworths.com.au/shop/productdetails/167330",
    "img": "https://cdn0.woolworths.media/content/wowproductimages/medium/167330.jpg",
    "price": 2.9,
    "quantity": 0.17,
    "unitPrice": 17.1
  },
  {
    "name": "Tamar Valley Dairy Yoghurt Peaches & Cream",
    "url": "https://www.woolworths.com.au/shop/productdetails/167408",
    "img": "https://cdn0.woolworths.media/content/wowproductimages/medium/167408.jpg",
    "price": 2.9,
    "quantity": 0.17,
    "unitPrice": 17.1
  },
  {
    "name": "Pauls Kids Yoghurt Pouch Strawberry Princess",
    "url": "https://www.woolworths.com.au/shop/productdetails/862494",
    "img": "https://cdn0.woolworths.media/content/wowproductimages/medium/862494.jpg",
    "price": 1.2,
    "quantity": 0.07,
    "unitPrice": 17.1
  },
  {
    "name": "Pauls Kids Yoghurt Pouch Strawberry Cars",
    "url": "https://www.woolworths.com.au/shop/productdetails/862575",
    "img": "https://cdn0.woolworths.media/content/wowproductimages/medium/862575.jpg",
    "price": 1.2,
    "quantity": 0.07,
    "unitPrice": 17.1
  },
  {
    "name": "Pauls Kids Yoghurt Pouch Limited Edition Birthday Cake Flavour",
    "url": "https://www.woolworths.com.au/shop/productdetails/84918",
    "img": "https://cdn0.woolworths.media/content/wowproductimages/medium/084918.jpg",
    "price": 1.2,
    "quantity": 0.07,
    "unitPrice": 17.1
  },
  {
    "name": "Pauls Kids Yoghurt Pouch Banana The Lion King",
    "url": "https://www.woolworths.com.au/shop/productdetails/862577",
    "img": "https://cdn0.woolworths.media/content/wowproductimages/medium/862577.jpg",
    "price": 1.2,
    "quantity": 0.07,
    "unitPrice": 17.1
  },
  {
    "name": "Pauls Buzz Lightyear Yoghurt Pouch Vanilla",
    "url": "https://www.woolworths.com.au/shop/productdetails/705258",
    "img": "https://cdn0.woolworths.media/content/wowproductimages/medium/705258.jpg",
    "price": 1.2,
    "quantity": 0.07,
    "unitPrice": 17.1
  },
  {
    "name": "Pauls Custard Pouch Vanilla Vanilla",
    "url": "https://www.woolworths.com.au/shop/productdetails/436518",
    "img": "https://cdn0.woolworths.media/content/wowproductimages/medium/436518.jpg",
    "price": 2.4,
    "quantity": 0.14,
    "unitPrice": 17.1
  },
  {
    "name": "Pauls Custard Pouch Chocolate Chocolate",
    "url": "https://www.woolworths.com.au/shop/productdetails/436519",
    "img": "https://cdn0.woolworths.media/content/wowproductimages/medium/436519.jpg",
    "price": 2.4,
    "quantity": 0.14,
    "unitPrice": 17.1
  },
  {
    "name": "Pauls Custard Pouch Strawberry",
    "url": "https://www.woolworths.com.au/shop/productdetails/109919",
    "img": "https://cdn0.woolworths.media/content/wowproductimages/medium/109919.jpg",
    "price": 2.4,
    "quantity": 0.14,
    "unitPrice": 17.1
  },
  {
    "name": "Farmer Jo Cluster Puffs Chocolate",
    "url": "https://www.woolworths.com.au/shop/productdetails/277617",
    "img": "https://cdn0.woolworths.media/content/wowproductimages/medium/277617.jpg",
    "price": 6,
    "quantity": 0.35,
    "unitPrice": 17.1
  },
  {
    "name": "Kellogg's All-bran Flakes Honey Almond Cereal",
    "url": "https://www.woolworths.com.au/shop/productdetails/701689",
    "img": "https://cdn0.woolworths.media/content/wowproductimages/medium/701689.jpg",
    "price": 7.2,
    "quantity": 0.42,
    "unitPrice": 17.1
  },
  {
    "name": "Kan Tong Teriyaki Chicken Meal Base Pouch",
    "url": "https://www.woolworths.com.au/shop/productdetails/656969",
    "img": "https://cdn0.woolworths.media/content/wowproductimages/medium/656969.jpg",
    "price": 3,
    "quantity": 0.175,
    "unitPrice": 17.1
  },
  {
    "name": "Kan Tong Honey Soy & Garlic Meal Base Pouch",
    "url": "https://www.woolworths.com.au/shop/productdetails/656962",
    "img": "https://cdn0.woolworths.media/content/wowproductimages/medium/656962.jpg",
    "price": 3,
    "quantity": 0.175,
    "unitPrice": 17.1
  },
  {
    "name": "Kan Tong Thai Green Curry Meal Base Pouch",
    "url": "https://www.woolworths.com.au/shop/productdetails/656938",
    "img": "https://cdn0.woolworths.media/content/wowproductimages/medium/656938.jpg",
    "price": 3,
    "quantity": 0.175,
    "unitPrice": 17.1
  },
  {
    "name": "Masterfoods Tuscan Meatballs Recipe Base",
    "url": "https://www.woolworths.com.au/shop/productdetails/223136",
    "img": "https://cdn0.woolworths.media/content/wowproductimages/medium/223136.jpg",
    "price": 3,
    "quantity": 0.175,
    "unitPrice": 17.1
  },
  {
    "name": "Masterfoods Teriyaki Chicken Stir Fry Recipe Base",
    "url": "https://www.woolworths.com.au/shop/productdetails/182267",
    "img": "https://cdn0.woolworths.media/content/wowproductimages/medium/182267.jpg",
    "price": 3,
    "quantity": 0.175,
    "unitPrice": 17.1
  },
  {
    "name": "Masterfoods Beef Stroganoff Recipe Base",
    "url": "https://www.woolworths.com.au/shop/productdetails/182271",
    "img": "https://cdn0.woolworths.media/content/wowproductimages/medium/182271.jpg",
    "price": 3,
    "quantity": 0.175,
    "unitPrice": 17.1
  },
  {
    "name": "Masterfoods Curried Sausages Recipe Base",
    "url": "https://www.woolworths.com.au/shop/productdetails/186446",
    "img": "https://cdn0.woolworths.media/content/wowproductimages/medium/186446.jpg",
    "price": 3,
    "quantity": 0.175,
    "unitPrice": 17.1
  },
  {
    "name": "Masterfoods Chinese Beef Stir Fry Recipe Base",
    "url": "https://www.woolworths.com.au/shop/productdetails/172092",
    "img": "https://cdn0.woolworths.media/content/wowproductimages/medium/172092.jpg",
    "price": 3,
    "quantity": 0.175,
    "unitPrice": 17.1
  },
  {
    "name": "Masterfoods Honey, Garlic & Soy Stir Fry Recipe Base",
    "url": "https://www.woolworths.com.au/shop/productdetails/375114",
    "img": "https://cdn0.woolworths.media/content/wowproductimages/medium/375114.jpg",
    "price": 3,
    "quantity": 0.175,
    "unitPrice": 17.1
  },
  {
    "name": "Masterfoods Stir Fry Recipe Base Creamy Thai Chicken",
    "url": "https://www.woolworths.com.au/shop/productdetails/172100",
    "img": "https://cdn0.woolworths.media/content/wowproductimages/medium/172100.jpg",
    "price": 3,
    "quantity": 0.175,
    "unitPrice": 17.1
  },
  {
    "name": "Masterfoods Honey Mustard Chicken Recipe Base",
    "url": "https://www.woolworths.com.au/shop/productdetails/186442",
    "img": "https://cdn0.woolworths.media/content/wowproductimages/medium/186442.jpg",
    "price": 3,
    "quantity": 0.175,
    "unitPrice": 17.1
  },
  {
    "name": "Masterfoods Butter Chicken Recipe Base",
    "url": "https://www.woolworths.com.au/shop/productdetails/785142",
    "img": "https://cdn0.woolworths.media/content/wowproductimages/medium/785142.jpg",
    "price": 3,
    "quantity": 0.175,
    "unitPrice": 17.1
  },
  {
    "name": "Masterfoods Satay Chicken Stir Fry Recipe Base",
    "url": "https://www.woolworths.com.au/shop/productdetails/345635",
    "img": "https://cdn0.woolworths.media/content/wowproductimages/medium/345635.jpg",
    "price": 3,
    "quantity": 0.175,
    "unitPrice": 17.1
  },
  {
    "name": "Masterfoods Devilled Sausages Recipe Base",
    "url": "https://www.woolworths.com.au/shop/productdetails/345633",
    "img": "https://cdn0.woolworths.media/content/wowproductimages/medium/345633.jpg",
    "price": 3,
    "quantity": 0.175,
    "unitPrice": 17.1
  },
  {
    "name": "Masterfoods Creamy Herb Garlic Potato Bake",
    "url": "https://www.woolworths.com.au/shop/productdetails/297224",
    "img": "https://cdn0.woolworths.media/content/wowproductimages/medium/297224.jpg",
    "price": 3,
    "quantity": 0.175,
    "unitPrice": 17.1
  },
  {
    "name": "Masterfoods Savoury Mince Recipe Base",
    "url": "https://www.woolworths.com.au/shop/productdetails/445340",
    "img": "https://cdn0.woolworths.media/content/wowproductimages/medium/445340.jpg",
    "price": 3,
    "quantity": 0.175,
    "unitPrice": 17.1
  },
  {
    "name": "Masterfoods Thai Green Curry Recipe Base",
    "url": "https://www.woolworths.com.au/shop/productdetails/733692",
    "img": "https://cdn0.woolworths.media/content/wowproductimages/medium/733692.jpg",
    "price": 3,
    "quantity": 0.175,
    "unitPrice": 17.1
  },
  {
    "name": "Masterfoods Beef & Red Wine Casserole Slow Cook Recipe Base",
    "url": "https://www.woolworths.com.au/shop/productdetails/323403",
    "img": "https://cdn0.woolworths.media/content/wowproductimages/medium/323403.jpg",
    "price": 3,
    "quantity": 0.175,
    "unitPrice": 17.1
  },
  {
    "name": "Masterfoods Mild Chicken Curry Slow Cook Recipe Base",
    "url": "https://www.woolworths.com.au/shop/productdetails/375118",
    "img": "https://cdn0.woolworths.media/content/wowproductimages/medium/375118.jpg",
    "price": 3,
    "quantity": 0.175,
    "unitPrice": 17.1
  },
  {
    "name": "Masterfoods Side Dish Creamy Cheesy Potato Bake",
    "url": "https://www.woolworths.com.au/shop/productdetails/323397",
    "img": "https://cdn0.woolworths.media/content/wowproductimages/medium/323397.jpg",
    "price": 3,
    "quantity": 0.175,
    "unitPrice": 17.1
  },
  {
    "name": "Masterfoods Country Beef Casserole Slow Cook Recipe Base",
    "url": "https://www.woolworths.com.au/shop/productdetails/297226",
    "img": "https://cdn0.woolworths.media/content/wowproductimages/medium/297226.jpg",
    "price": 3,
    "quantity": 0.175,
    "unitPrice": 17.1
  },
  {
    "name": "Masterfoods Garlic & Herb Lamb Shanks Slow Cook Recipe Base",
    "url": "https://www.woolworths.com.au/shop/productdetails/345636",
    "img": "https://cdn0.woolworths.media/content/wowproductimages/medium/345636.jpg",
    "price": 3,
    "quantity": 0.175,
    "unitPrice": 17.1
  },
  {
    "name": "Masterfoods Sausage Hot Pot Slow Cook Recipe Base",
    "url": "https://www.woolworths.com.au/shop/productdetails/323393",
    "img": "https://cdn0.woolworths.media/content/wowproductimages/medium/323393.jpg",
    "price": 3,
    "quantity": 0.175,
    "unitPrice": 17.1
  },
  {
    "name": "Masterfoods Chicken Casserole Slow Cook Recipe Base",
    "url": "https://www.woolworths.com.au/shop/productdetails/323391",
    "img": "https://cdn0.woolworths.media/content/wowproductimages/medium/323391.jpg",
    "price": 3,
    "quantity": 0.175,
    "unitPrice": 17.1
  },
  {
    "name": "Masterfoods Creamy Chicken & Mushroom Recipe Base",
    "url": "https://www.woolworths.com.au/shop/productdetails/169363",
    "img": "https://cdn0.woolworths.media/content/wowproductimages/medium/169363.jpg",
    "price": 3,
    "quantity": 0.175,
    "unitPrice": 17.1
  },
  {
    "name": "Masterfoods Lamb Casserole Slow Cook Recipe Base",
    "url": "https://www.woolworths.com.au/shop/productdetails/323394",
    "img": "https://cdn0.woolworths.media/content/wowproductimages/medium/323394.jpg",
    "price": 3,
    "quantity": 0.175,
    "unitPrice": 17.1
  },
  {
    "name": "Masterfoods Sweet Thai Style Chicken Noodles Recipe Base",
    "url": "https://www.woolworths.com.au/shop/productdetails/280876",
    "img": "https://cdn0.woolworths.media/content/wowproductimages/medium/280876.jpg",
    "price": 3,
    "quantity": 0.175,
    "unitPrice": 17.1
  },
  {
    "name": "Masterfoods Mediterranean Style Chicken Recipe Base",
    "url": "https://www.woolworths.com.au/shop/productdetails/281030",
    "img": "https://cdn0.woolworths.media/content/wowproductimages/medium/281030.jpg",
    "price": 3,
    "quantity": 0.175,
    "unitPrice": 17.1
  },
  {
    "name": "Lowan Yeast Dried Instant",
    "url": "https://www.woolworths.com.au/shop/productdetails/184917",
    "img": "https://cdn0.woolworths.media/content/wowproductimages/medium/184917.jpg",
    "price": 4.8,
    "quantity": 0.28,
    "unitPrice": 17.1
  },
  {
    "name": "Tempters Chilli Tuna Multipack 4x95g",
    "url": "https://www.coles.com.au/product/john-west-tempters-chilli-tuna-multipack-4x95g-380g-8085233",
    "img": "https://productimages.coles.com.au/productimages/8/8085233.jpg",
    "price": 6.5,
    "quantity": 0.38,
    "unitPrice": 17.11
  },
  {
    "name": "Tempters Lemon & Cracked Pepper Tuna Multipack 4x95g",
    "url": "https://www.coles.com.au/product/john-west-tempters-lemon-&-cracked-pepper-tuna-multipack-4x95g-380g-8085255",
    "img": "https://productimages.coles.com.au/productimages/8/8085255.jpg",
    "price": 6.5,
    "quantity": 0.38,
    "unitPrice": 17.11
  },
  {
    "name": "Tempters Tuna Springwater Multipack 4x95g",
    "url": "https://www.coles.com.au/product/john-west-tempters-tuna-springwater-multipack-4x95g-380g-8085266",
    "img": "https://productimages.coles.com.au/productimages/8/8085266.jpg",
    "price": 6.5,
    "quantity": 0.38,
    "unitPrice": 17.11
  },
  {
    "name": "Tempters Olive Oil Blend Tuna Multipack 4x95g ",
    "url": "https://www.coles.com.au/product/john-west-tempters-olive-oil-blend-tuna-multipack-4x95g--380g-8085288",
    "img": "https://productimages.coles.com.au/productimages/8/8085288.jpg",
    "price": 6.5,
    "quantity": 0.38,
    "unitPrice": 17.11
  },
  {
    "name": "Tempters Chilli Tuna Multipack 4x95g",
    "url": "https://www.coles.com.au/product/john-west-tempters-chilli-tuna-multipack-4x95g-380g-8085233",
    "img": "https://productimages.coles.com.au/productimages/8/8085233.jpg",
    "price": 6.5,
    "quantity": 0.38,
    "unitPrice": 17.11
  },
  {
    "name": "Tempters Lemon & Cracked Pepper Tuna Multipack 4x95g",
    "url": "https://www.coles.com.au/product/john-west-tempters-lemon-&-cracked-pepper-tuna-multipack-4x95g-380g-8085255",
    "img": "https://productimages.coles.com.au/productimages/8/8085255.jpg",
    "price": 6.5,
    "quantity": 0.38,
    "unitPrice": 17.11
  },
  {
    "name": "Tempters Tuna Springwater Multipack 4x95g",
    "url": "https://www.coles.com.au/product/john-west-tempters-tuna-springwater-multipack-4x95g-380g-8085266",
    "img": "https://productimages.coles.com.au/productimages/8/8085266.jpg",
    "price": 6.5,
    "quantity": 0.38,
    "unitPrice": 17.11
  },
  {
    "name": "Tempters Olive Oil Blend Tuna Multipack 4x95g ",
    "url": "https://www.coles.com.au/product/john-west-tempters-olive-oil-blend-tuna-multipack-4x95g--380g-8085288",
    "img": "https://productimages.coles.com.au/productimages/8/8085288.jpg",
    "price": 6.5,
    "quantity": 0.38,
    "unitPrice": 17.11
  },
  {
    "name": "Woolworths Almonds Natural",
    "url": "https://www.woolworths.com.au/shop/productdetails/726541",
    "img": "https://cdn0.woolworths.media/content/wowproductimages/medium/726541.jpg",
    "price": 7.7,
    "quantity": 0.45,
    "unitPrice": 17.11
  },
  {
    "name": "Natural Almonds Prepacked",
    "url": "https://www.coles.com.au/product/coles-natural-almonds-prepacked-350g-3017564",
    "img": "https://productimages.coles.com.au/productimages/3/3017564.jpg",
    "price": 6,
    "quantity": 0.35,
    "unitPrice": 17.14
  },
  {
    "name": "Instant Dried Yeast",
    "url": "https://www.coles.com.au/product/lowan-instant-dried-yeast-280g-9442391",
    "img": "https://productimages.coles.com.au/productimages/9/9442391.jpg",
    "price": 4.8,
    "quantity": 0.28,
    "unitPrice": 17.14
  },
  {
    "name": "Natural Almonds Prepacked",
    "url": "https://www.coles.com.au/product/coles-natural-almonds-prepacked-350g-3017564",
    "img": "https://productimages.coles.com.au/productimages/3/3017564.jpg",
    "price": 6,
    "quantity": 0.35,
    "unitPrice": 17.14
  },
  {
    "name": "Instant Dried Yeast",
    "url": "https://www.coles.com.au/product/lowan-instant-dried-yeast-280g-9442391",
    "img": "https://productimages.coles.com.au/productimages/9/9442391.jpg",
    "price": 4.8,
    "quantity": 0.28,
    "unitPrice": 17.14
  },
  {
    "name": "Instant Mashed Plain Potato",
    "url": "https://www.coles.com.au/product/deb-instant-mashed-plain-potato-350g-132635",
    "img": "https://productimages.coles.com.au/productimages/1/132635.jpg",
    "price": 6,
    "quantity": 0.35,
    "unitPrice": 17.14
  },
  {
    "name": "Snack Time Chick Peas Olive Oil Garlic & Rosemary",
    "url": "https://www.coles.com.au/product/edgell-snack-time-chick-peas-olive-oil-garlic-&-rosemary-70g-3592573",
    "img": "https://productimages.coles.com.au/productimages/3/3592573.jpg",
    "price": 1.2,
    "quantity": 0.07,
    "unitPrice": 17.14
  },
  {
    "name": "Snack Time Chick Peas With Olive Oil & Seaslt",
    "url": "https://www.coles.com.au/product/edgell-snack-time-chick-peas-with-olive-oil-&-seaslt-70g-3592824",
    "img": "https://productimages.coles.com.au/productimages/3/3592824.jpg",
    "price": 1.2,
    "quantity": 0.07,
    "unitPrice": 17.14
  },
  {
    "name": "Snack Time Chick Peas With Zesty Vinaigrette",
    "url": "https://www.coles.com.au/product/edgell-snack-time-chick-peas-with-zesty-vinaigrette-70g-3592835",
    "img": "https://productimages.coles.com.au/productimages/3/3592835.jpg",
    "price": 1.2,
    "quantity": 0.07,
    "unitPrice": 17.14
  },
  {
    "name": "Snack Time Red Kidney Beans With Chilli & Olive Oil",
    "url": "https://www.coles.com.au/product/edgell-snack-time-red-kidney-beans-with-chilli-&-olive-oil-70g-3592879",
    "img": "https://productimages.coles.com.au/productimages/3/3592879.jpg",
    "price": 1.2,
    "quantity": 0.07,
    "unitPrice": 17.14
  },
  {
    "name": "Snack Time Chargrilled Corn- Black Beans With Lime & Herbs",
    "url": "https://www.coles.com.au/product/edgell-snack-time-chargrilled-corn--black-beans-with-lime-&-herbs-70g-3884058",
    "img": "https://productimages.coles.com.au/productimages/3/3884058.jpg",
    "price": 1.2,
    "quantity": 0.07,
    "unitPrice": 17.14
  },
  {
    "name": "Snack Time Chickpeas With Ginger Lime & Chilli",
    "url": "https://www.coles.com.au/product/edgell-snack-time-chickpeas-with-ginger-lime-&-chilli-70g-5071436",
    "img": "https://productimages.coles.com.au/productimages/5/5071436.jpg",
    "price": 1.2,
    "quantity": 0.07,
    "unitPrice": 17.14
  },
  {
    "name": "Snack Time Black Beans Capsicum & Charred Corn With Zesty Salsa",
    "url": "https://www.coles.com.au/product/edgell-snack-time-black-beans-capsicum-&-charred-corn-with-zesty-salsa-70g-5071447",
    "img": "https://productimages.coles.com.au/productimages/5/5071447.jpg",
    "price": 1.2,
    "quantity": 0.07,
    "unitPrice": 17.14
  },
  {
    "name": "Snack Time Sweet Corn With Charred Capsicum & Lime",
    "url": "https://www.coles.com.au/product/edgell-snack-time-sweet-corn-with-charred-capsicum-&-lime-70g-6310907",
    "img": "https://productimages.coles.com.au/productimages/6/6310907.jpg",
    "price": 1.2,
    "quantity": 0.07,
    "unitPrice": 17.14
  },
  {
    "name": "Snack Time Chickpeas With Lemon Tahini & Garlic",
    "url": "https://www.coles.com.au/product/edgell-snack-time-chickpeas-with-lemon-tahini-&-garlic-70g-6310918",
    "img": "https://productimages.coles.com.au/productimages/6/6310918.jpg",
    "price": 1.2,
    "quantity": 0.07,
    "unitPrice": 17.14
  },
  {
    "name": "Snack Time Chickpeas With Fiery Moroccan Spices",
    "url": "https://www.coles.com.au/product/edgell-snack-time-chickpeas-with-fiery-moroccan-spices-70g-6311036",
    "img": "https://productimages.coles.com.au/productimages/6/6311036.jpg",
    "price": 1.2,
    "quantity": 0.07,
    "unitPrice": 17.14
  },
  {
    "name": "Instant Mashed Plain Potato",
    "url": "https://www.coles.com.au/product/deb-instant-mashed-plain-potato-350g-132635",
    "img": "https://productimages.coles.com.au/productimages/1/132635.jpg",
    "price": 6,
    "quantity": 0.35,
    "unitPrice": 17.14
  },
  {
    "name": "Snack Time Chick Peas Olive Oil Garlic & Rosemary",
    "url": "https://www.coles.com.au/product/edgell-snack-time-chick-peas-olive-oil-garlic-&-rosemary-70g-3592573",
    "img": "https://productimages.coles.com.au/productimages/3/3592573.jpg",
    "price": 1.2,
    "quantity": 0.07,
    "unitPrice": 17.14
  },
  {
    "name": "Snack Time Chick Peas With Olive Oil & Seaslt",
    "url": "https://www.coles.com.au/product/edgell-snack-time-chick-peas-with-olive-oil-&-seaslt-70g-3592824",
    "img": "https://productimages.coles.com.au/productimages/3/3592824.jpg",
    "price": 1.2,
    "quantity": 0.07,
    "unitPrice": 17.14
  },
  {
    "name": "Snack Time Chick Peas With Zesty Vinaigrette",
    "url": "https://www.coles.com.au/product/edgell-snack-time-chick-peas-with-zesty-vinaigrette-70g-3592835",
    "img": "https://productimages.coles.com.au/productimages/3/3592835.jpg",
    "price": 1.2,
    "quantity": 0.07,
    "unitPrice": 17.14
  },
  {
    "name": "Snack Time Red Kidney Beans With Chilli & Olive Oil",
    "url": "https://www.coles.com.au/product/edgell-snack-time-red-kidney-beans-with-chilli-&-olive-oil-70g-3592879",
    "img": "https://productimages.coles.com.au/productimages/3/3592879.jpg",
    "price": 1.2,
    "quantity": 0.07,
    "unitPrice": 17.14
  },
  {
    "name": "Snack Time Chargrilled Corn- Black Beans With Lime & Herbs",
    "url": "https://www.coles.com.au/product/edgell-snack-time-chargrilled-corn--black-beans-with-lime-&-herbs-70g-3884058",
    "img": "https://productimages.coles.com.au/productimages/3/3884058.jpg",
    "price": 1.2,
    "quantity": 0.07,
    "unitPrice": 17.14
  },
  {
    "name": "Snack Time Chickpeas With Ginger Lime & Chilli",
    "url": "https://www.coles.com.au/product/edgell-snack-time-chickpeas-with-ginger-lime-&-chilli-70g-5071436",
    "img": "https://productimages.coles.com.au/productimages/5/5071436.jpg",
    "price": 1.2,
    "quantity": 0.07,
    "unitPrice": 17.14
  },
  {
    "name": "Snack Time Black Beans Capsicum & Charred Corn With Zesty Salsa",
    "url": "https://www.coles.com.au/product/edgell-snack-time-black-beans-capsicum-&-charred-corn-with-zesty-salsa-70g-5071447",
    "img": "https://productimages.coles.com.au/productimages/5/5071447.jpg",
    "price": 1.2,
    "quantity": 0.07,
    "unitPrice": 17.14
  },
  {
    "name": "Snack Time Sweet Corn With Charred Capsicum & Lime",
    "url": "https://www.coles.com.au/product/edgell-snack-time-sweet-corn-with-charred-capsicum-&-lime-70g-6310907",
    "img": "https://productimages.coles.com.au/productimages/6/6310907.jpg",
    "price": 1.2,
    "quantity": 0.07,
    "unitPrice": 17.14
  },
  {
    "name": "Snack Time Chickpeas With Lemon Tahini & Garlic",
    "url": "https://www.coles.com.au/product/edgell-snack-time-chickpeas-with-lemon-tahini-&-garlic-70g-6310918",
    "img": "https://productimages.coles.com.au/productimages/6/6310918.jpg",
    "price": 1.2,
    "quantity": 0.07,
    "unitPrice": 17.14
  },
  {
    "name": "Snack Time Chickpeas With Fiery Moroccan Spices",
    "url": "https://www.coles.com.au/product/edgell-snack-time-chickpeas-with-fiery-moroccan-spices-70g-6311036",
    "img": "https://productimages.coles.com.au/productimages/6/6311036.jpg",
    "price": 1.2,
    "quantity": 0.07,
    "unitPrice": 17.14
  },
  {
    "name": "Family Classic Chicken & Pork Thai Curry Meatballs",
    "url": "https://www.coles.com.au/product/coles-family-classic-chicken-&-pork-thai-curry-meatballs-700g-6413637",
    "img": "https://productimages.coles.com.au/productimages/6/6413637.jpg",
    "price": 12,
    "quantity": 0.7,
    "unitPrice": 17.14
  },
  {
    "name": "Family Classics Beef Tomato Bake With Parmesan Crust",
    "url": "https://www.coles.com.au/product/coles-family-classics-beef-tomato-bake-with-parmesan-crust-700g-6413692",
    "img": "https://productimages.coles.com.au/productimages/6/6413692.jpg",
    "price": 12,
    "quantity": 0.7,
    "unitPrice": 17.14
  },
  {
    "name": "Family Classic Chicken & Pork Thai Curry Meatballs",
    "url": "https://www.coles.com.au/product/coles-family-classic-chicken-&-pork-thai-curry-meatballs-700g-6413637",
    "img": "https://productimages.coles.com.au/productimages/6/6413637.jpg",
    "price": 12,
    "quantity": 0.7,
    "unitPrice": 17.14
  },
  {
    "name": "Family Classics Beef Tomato Bake With Parmesan Crust",
    "url": "https://www.coles.com.au/product/coles-family-classics-beef-tomato-bake-with-parmesan-crust-700g-6413692",
    "img": "https://productimages.coles.com.au/productimages/6/6413692.jpg",
    "price": 12,
    "quantity": 0.7,
    "unitPrice": 17.14
  },
  {
    "name": "Continental Deb Instant Mashed Potato",
    "url": "https://www.woolworths.com.au/shop/productdetails/34118",
    "img": "https://cdn0.woolworths.media/content/wowproductimages/medium/034118.jpg",
    "price": 6,
    "quantity": 0.35,
    "unitPrice": 17.14
  },
  {
    "name": "Continental Deb Instant Mashed Potato",
    "url": "https://www.woolworths.com.au/shop/productdetails/34118",
    "img": "https://cdn0.woolworths.media/content/wowproductimages/medium/034118.jpg",
    "price": 6,
    "quantity": 0.35,
    "unitPrice": 17.14
  },
  {
    "name": "Kitchen Beetslaw Salad Kit",
    "url": "https://www.coles.com.au/product/coles-kitchen-beetslaw-salad-kit-320g-3869699",
    "img": "https://productimages.coles.com.au/productimages/3/3869699.jpg",
    "price": 5.5,
    "quantity": 0.32,
    "unitPrice": 17.19
  },
  {
    "name": "Grilled Eggplant Sliced",
    "url": "https://www.coles.com.au/product/always-fresh-grilled-eggplant-sliced-320g-2747608",
    "img": "https://productimages.coles.com.au/productimages/2/2747608.jpg",
    "price": 5.5,
    "quantity": 0.32,
    "unitPrice": 17.19
  },
  {
    "name": "Butter Crackers",
    "url": "https://www.coles.com.au/product/julies-butter-crackers-250g-2496891",
    "img": "https://productimages.coles.com.au/productimages/2/2496891.jpg",
    "price": 4.3,
    "quantity": 0.25,
    "unitPrice": 17.2
  },
  {
    "name": "Delhi Biryani",
    "url": "https://www.coles.com.au/product/the-spice-tailor-delhi-biryani-360g-3760463",
    "img": "https://productimages.coles.com.au/productimages/3/3760463.jpg",
    "price": 6.2,
    "quantity": 0.36,
    "unitPrice": 17.2
  },
  {
    "name": "Malabar Biryani",
    "url": "https://www.coles.com.au/product/the-spice-tailor-malabar-biryani-360g-3760496",
    "img": "https://productimages.coles.com.au/productimages/3/3760496.jpg",
    "price": 6.2,
    "quantity": 0.36,
    "unitPrice": 17.2
  },
  {
    "name": "Korma Curry Paste Mild",
    "url": "https://www.coles.com.au/product/patak's-korma-curry-paste-mild-290g-5666513",
    "img": "https://productimages.coles.com.au/productimages/5/5666513.jpg",
    "price": 5,
    "quantity": 0.29,
    "unitPrice": 17.2
  },
  {
    "name": "Marmite Yeast Extract Spread",
    "url": "https://www.coles.com.au/product/sanitarium-marmite-yeast-extract-spread-250g-5090521",
    "img": "https://productimages.coles.com.au/productimages/5/5090521.jpg",
    "price": 4.3,
    "quantity": 0.25,
    "unitPrice": 17.2
  },
  {
    "name": "Pure Honey",
    "url": "https://www.coles.com.au/product/capilano-pure-honey-500g-313367",
    "img": "https://productimages.coles.com.au/productimages/3/313367.jpg",
    "price": 8.6,
    "quantity": 0.5,
    "unitPrice": 17.2
  },
  {
    "name": "Mini Chicken Kiev",
    "url": "https://www.coles.com.au/product/coles-mini-chicken-kiev-320g-3311029",
    "img": "https://productimages.coles.com.au/productimages/3/3311029.jpg",
    "price": 5.5,
    "quantity": 0.32,
    "unitPrice": 17.2
  },
  {
    "name": "Gluten Free Dough Ball",
    "url": "https://www.coles.com.au/product/senza-gluten-free-dough-ball-320g-6617488",
    "img": "https://productimages.coles.com.au/productimages/6/6617488.jpg",
    "price": 5.5,
    "quantity": 0.32,
    "unitPrice": 17.2
  },
  {
    "name": "Woolworths Australian Butter Unsalted",
    "url": "https://www.woolworths.com.au/shop/productdetails/68977",
    "img": "https://cdn0.woolworths.media/content/wowproductimages/medium/068977.jpg",
    "price": 4.3,
    "quantity": 0.25,
    "unitPrice": 17.2
  },
  {
    "name": "Woolworths Australian Butter Salted",
    "url": "https://www.woolworths.com.au/shop/productdetails/68978",
    "img": "https://cdn0.woolworths.media/content/wowproductimages/medium/068978.jpg",
    "price": 4.3,
    "quantity": 0.25,
    "unitPrice": 17.2
  },
  {
    "name": "Carman's Honey, Vanilla & Cinnamon Gourmet Porridge Sachets",
    "url": "https://www.woolworths.com.au/shop/productdetails/435300",
    "img": "https://cdn0.woolworths.media/content/wowproductimages/medium/435300.jpg",
    "price": 5.5,
    "quantity": 0.32,
    "unitPrice": 17.2
  },
  {
    "name": "Carman's Gourmet Porridge Sachets Apple Sultana & Cinnamon",
    "url": "https://www.woolworths.com.au/shop/productdetails/608601",
    "img": "https://cdn0.woolworths.media/content/wowproductimages/medium/608601.jpg",
    "price": 5.5,
    "quantity": 0.32,
    "unitPrice": 17.2
  },
  {
    "name": "Carman's No Added Sugar Porridge Sachets Raspberry & Vanilla",
    "url": "https://www.woolworths.com.au/shop/productdetails/208938",
    "img": "https://cdn0.woolworths.media/content/wowproductimages/medium/208938.jpg",
    "price": 5.5,
    "quantity": 0.32,
    "unitPrice": 17.2
  },
  {
    "name": "Carman's Porridge Almond Pecan Hazelnut",
    "url": "https://www.woolworths.com.au/shop/productdetails/687777",
    "img": "https://cdn0.woolworths.media/content/wowproductimages/medium/687777.jpg",
    "price": 5.5,
    "quantity": 0.32,
    "unitPrice": 17.2
  },
  {
    "name": "Carman's Super Berry & Coconut Gourmet Porridge Sachets",
    "url": "https://www.woolworths.com.au/shop/productdetails/435310",
    "img": "https://cdn0.woolworths.media/content/wowproductimages/medium/435310.jpg",
    "price": 5.5,
    "quantity": 0.32,
    "unitPrice": 17.2
  },
  {
    "name": "Carman's Porridge 5 Grain Superseed",
    "url": "https://www.woolworths.com.au/shop/productdetails/687790",
    "img": "https://cdn0.woolworths.media/content/wowproductimages/medium/687790.jpg",
    "price": 5.5,
    "quantity": 0.32,
    "unitPrice": 17.2
  },
  {
    "name": "Capilano 100% Pure Australian Honey Squeeze",
    "url": "https://www.woolworths.com.au/shop/productdetails/262206",
    "img": "https://cdn0.woolworths.media/content/wowproductimages/medium/262206.jpg",
    "price": 8.6,
    "quantity": 0.5,
    "unitPrice": 17.2
  },
  {
    "name": "Sanitarium Marmite Spread",
    "url": "https://www.woolworths.com.au/shop/productdetails/79628",
    "img": "https://cdn0.woolworths.media/content/wowproductimages/medium/079628.jpg",
    "price": 4.3,
    "quantity": 0.25,
    "unitPrice": 17.2
  },
  {
    "name": "Capilano 100% Pure Australian Honey Jar",
    "url": "https://www.woolworths.com.au/shop/productdetails/33642",
    "img": "https://cdn0.woolworths.media/content/wowproductimages/medium/033642.jpg",
    "price": 8.6,
    "quantity": 0.5,
    "unitPrice": 17.2
  },
  {
    "name": "Lea & Perrins Worcestershire Sauce",
    "url": "https://www.woolworths.com.au/shop/productdetails/252148",
    "img": "https://cdn0.woolworths.media/content/wowproductimages/medium/252148.jpg",
    "price": 5,
    "quantity": 0.29,
    "unitPrice": 17.2
  },
  {
    "name": "Lee Kum Kee Gluten Free Soy Sauce Soy Sauce",
    "url": "https://www.woolworths.com.au/shop/productdetails/862908",
    "img": "https://cdn0.woolworths.media/content/wowproductimages/medium/862908.jpg",
    "price": 4.3,
    "quantity": 0.25,
    "unitPrice": 17.2
  },
  {
    "name": "Nestle Bakers' Choice Milk Choc Melts",
    "url": "https://www.woolworths.com.au/shop/productdetails/490001",
    "img": "https://cdn0.woolworths.media/content/wowproductimages/medium/490001.jpg",
    "price": 5,
    "quantity": 0.29,
    "unitPrice": 17.2
  },
  {
    "name": "Nestle Bakers' Choice White Choc Melts",
    "url": "https://www.woolworths.com.au/shop/productdetails/490010",
    "img": "https://cdn0.woolworths.media/content/wowproductimages/medium/490010.jpg",
    "price": 5,
    "quantity": 0.29,
    "unitPrice": 17.2
  },
  {
    "name": "Nestle Bakers' Choice Dark Choc Melts",
    "url": "https://www.woolworths.com.au/shop/productdetails/489888",
    "img": "https://cdn0.woolworths.media/content/wowproductimages/medium/489888.jpg",
    "price": 5,
    "quantity": 0.29,
    "unitPrice": 17.2
  },
  {
    "name": "White Seedless Grapes Prepacked",
    "url": "https://www.coles.com.au/product/coles-white-seedless-grapes-prepacked-400g-1617356",
    "img": "https://productimages.coles.com.au/productimages/1/1617356.jpg",
    "price": 6.9,
    "quantity": 0.4,
    "unitPrice": 17.25
  },
  {
    "name": "Brisling Sardines In Springwater",
    "url": "https://www.coles.com.au/product/safcol-brisling-sardines-in-springwater-110g-2508276",
    "img": "https://productimages.coles.com.au/productimages/2/2508276.jpg",
    "price": 1.9,
    "quantity": 0.11,
    "unitPrice": 17.27
  },
  {
    "name": "Brisling Sardines In Oil",
    "url": "https://www.coles.com.au/product/safcol-brisling-sardines-in-oil-110g-2508287",
    "img": "https://productimages.coles.com.au/productimages/2/2508287.jpg",
    "price": 1.9,
    "quantity": 0.11,
    "unitPrice": 17.27
  },
  {
    "name": "Brisling Sardines In Springwater",
    "url": "https://www.coles.com.au/product/safcol-brisling-sardines-in-springwater-110g-2508276",
    "img": "https://productimages.coles.com.au/productimages/2/2508276.jpg",
    "price": 1.9,
    "quantity": 0.11,
    "unitPrice": 17.27
  },
  {
    "name": "Brisling Sardines In Oil",
    "url": "https://www.coles.com.au/product/safcol-brisling-sardines-in-oil-110g-2508287",
    "img": "https://productimages.coles.com.au/productimages/2/2508287.jpg",
    "price": 1.9,
    "quantity": 0.11,
    "unitPrice": 17.27
  },
  {
    "name": "Kalamata Olives Whole",
    "url": "https://www.coles.com.au/product/always-fresh-kalamata-olives-whole-440g-2747947",
    "img": "https://productimages.coles.com.au/productimages/2/2747947.jpg",
    "price": 7.6,
    "quantity": 0.44,
    "unitPrice": 17.27
  },
  {
    "name": "Safcol Sardines In Springwater",
    "url": "https://www.woolworths.com.au/shop/productdetails/803409",
    "img": "https://cdn0.woolworths.media/content/wowproductimages/medium/803409.jpg",
    "price": 1.9,
    "quantity": 0.11,
    "unitPrice": 17.27
  },
  {
    "name": "Safcol Sardines In Oil",
    "url": "https://www.woolworths.com.au/shop/productdetails/803728",
    "img": "https://cdn0.woolworths.media/content/wowproductimages/medium/803728.jpg",
    "price": 1.9,
    "quantity": 0.11,
    "unitPrice": 17.27
  },
  {
    "name": "Safcol Delicatessen Brisling Sardines In Hot Sauce Tin",
    "url": "https://www.woolworths.com.au/shop/productdetails/305126",
    "img": "https://cdn0.woolworths.media/content/wowproductimages/medium/305126.jpg",
    "price": 1.9,
    "quantity": 0.11,
    "unitPrice": 17.27
  },
  {
    "name": "Natural Peanut Butter High Protein",
    "url": "https://www.coles.com.au/product/mayver's-natural-peanut-butter-high-protein-375g-2897371",
    "img": "https://productimages.coles.com.au/productimages/2/2897371.jpg",
    "price": 6.5,
    "quantity": 0.375,
    "unitPrice": 17.3
  },
  {
    "name": "Protein Plus Natural Peanut Butter With Five Seeds",
    "url": "https://www.coles.com.au/product/mayvers-protein-plus-natural-peanut-butter-with-five-seeds-375g-3212399",
    "img": "https://productimages.coles.com.au/productimages/3/3212399.jpg",
    "price": 6.5,
    "quantity": 0.375,
    "unitPrice": 17.3
  },
  {
    "name": "Smooth Honey Peanut Butter",
    "url": "https://www.coles.com.au/product/mayvers-smooth-honey-peanut-butter-375g-7024164",
    "img": "https://productimages.coles.com.au/productimages/7/7024164.jpg",
    "price": 6.5,
    "quantity": 0.375,
    "unitPrice": 17.3
  },
  {
    "name": "Smooth Chocolate Protein+ Peanut Butter",
    "url": "https://www.coles.com.au/product/mayvers-smooth-chocolate-protein+-peanut-butter-375g-7024175",
    "img": "https://productimages.coles.com.au/productimages/7/7024175.jpg",
    "price": 6.5,
    "quantity": 0.375,
    "unitPrice": 17.3
  },
  {
    "name": "Oil Spray Extra Virgin",
    "url": "https://www.coles.com.au/product/prochef-oil-spray-extra-virgin-260g-4842199",
    "img": "https://productimages.coles.com.au/productimages/4/4842199.jpg",
    "price": 4.5,
    "quantity": 0.26,
    "unitPrice": 17.3
  },
  {
    "name": "Spinach & Fetta Quiche Party 12 Pack",
    "url": "https://www.coles.com.au/product/patties-spinach-&-fetta-quiche-party-12-pack-550g-6514441",
    "img": "https://productimages.coles.com.au/productimages/6/6514441.jpg",
    "price": 9.5,
    "quantity": 0.55,
    "unitPrice": 17.3
  },
  {
    "name": "Lorraine Quiche Party 12Pack",
    "url": "https://www.coles.com.au/product/patties-lorraine-quiche-party-12pack-550g-6514474",
    "img": "https://productimages.coles.com.au/productimages/6/6514474.jpg",
    "price": 9.5,
    "quantity": 0.55,
    "unitPrice": 17.3
  },
  {
    "name": "Frozen Cheese Macaroni",
    "url": "https://www.coles.com.au/product/on-the-menu-frozen-cheese-macaroni-260g-1167872",
    "img": "https://productimages.coles.com.au/productimages/1/1167872.jpg",
    "price": 4.5,
    "quantity": 0.26,
    "unitPrice": 17.3
  },
  {
    "name": "Frozen Beef Lasagne",
    "url": "https://www.coles.com.au/product/on-the-menu-frozen-beef-lasagne-260g-1167894",
    "img": "https://productimages.coles.com.au/productimages/1/1167894.jpg",
    "price": 4.5,
    "quantity": 0.26,
    "unitPrice": 17.3
  },
  {
    "name": "Cottage Pie",
    "url": "https://www.coles.com.au/product/on-the-menu-cottage-pie-260g-2315250",
    "img": "https://productimages.coles.com.au/productimages/2/2315250.jpg",
    "price": 4.5,
    "quantity": 0.26,
    "unitPrice": 17.3
  },
  {
    "name": "Frozen Pappardelle Ragu",
    "url": "https://www.coles.com.au/product/on-the-menu-frozen-pappardelle-ragu-260g-2742364",
    "img": "https://productimages.coles.com.au/productimages/2/2742364.jpg",
    "price": 4.5,
    "quantity": 0.26,
    "unitPrice": 17.3
  },
  {
    "name": "Chicken Fettucine",
    "url": "https://www.coles.com.au/product/on-the-menu-chicken-fettucine-260g-7040047",
    "img": "https://productimages.coles.com.au/productimages/7/7040047.jpg",
    "price": 4.5,
    "quantity": 0.26,
    "unitPrice": 17.3
  },
  {
    "name": "Gluten Free Frosty Fruits Watermelon Slice Ice Cream Stick 8 pack",
    "url": "https://www.coles.com.au/product/peters-gluten-free-frosty-fruits-watermelon-slice-ice-cream-stick-8-pack-520ml-3405734",
    "img": "https://productimages.coles.com.au/productimages/3/3405734.jpg",
    "price": 9,
    "quantity": 0.52,
    "unitPrice": 17.3
  },
  {
    "name": "Family Pizza Pepperoni",
    "url": "https://www.coles.com.au/product/mccain-family-pizza-pepperoni-490g-4655475",
    "img": "https://productimages.coles.com.au/productimages/4/4655475.jpg",
    "price": 8.5,
    "quantity": 0.49,
    "unitPrice": 17.3
  },
  {
    "name": "Woolworths Traditional Carrot Cake",
    "url": "https://www.woolworths.com.au/shop/productdetails/103358",
    "img": "https://cdn0.woolworths.media/content/wowproductimages/medium/103358.jpg",
    "price": 7.8,
    "quantity": 0.45,
    "unitPrice": 17.3
  },
  {
    "name": "Woolworths Rice Bran Oil Spray",
    "url": "https://www.woolworths.com.au/shop/productdetails/695460",
    "img": "https://cdn0.woolworths.media/content/wowproductimages/medium/695460.jpg",
    "price": 3.9,
    "quantity": 0.225,
    "unitPrice": 17.3
  },
  {
    "name": "Cobram Estate Extra Virgin Olive Oil",
    "url": "https://www.woolworths.com.au/shop/productdetails/260867",
    "img": "https://cdn0.woolworths.media/content/wowproductimages/medium/260867.jpg",
    "price": 52,
    "quantity": 3,
    "unitPrice": 17.3
  },
  {
    "name": "Woolworths Traditional Carrot Cake",
    "url": "https://www.woolworths.com.au/shop/productdetails/103358",
    "img": "https://cdn0.woolworths.media/content/wowproductimages/medium/103358.jpg",
    "price": 7.8,
    "quantity": 0.45,
    "unitPrice": 17.3
  },
  {
    "name": "Woolworths Plantitude Vegan Belgian Dark Chocolate Cake",
    "url": "https://www.woolworths.com.au/shop/productdetails/55050",
    "img": "https://cdn0.woolworths.media/content/wowproductimages/medium/055050.jpg",
    "price": 9.5,
    "quantity": 0.55,
    "unitPrice": 17.3
  },
  {
    "name": "Kellogg's Corn Flakes Breakfast Cereal",
    "url": "https://www.woolworths.com.au/shop/productdetails/701674",
    "img": "https://cdn0.woolworths.media/content/wowproductimages/medium/701674.jpg",
    "price": 3.8,
    "quantity": 0.22,
    "unitPrice": 17.3
  },
  {
    "name": "Mayver's Smunchy Protein Plus Peanut Butter",
    "url": "https://www.woolworths.com.au/shop/productdetails/679375",
    "img": "https://cdn0.woolworths.media/content/wowproductimages/medium/679375.jpg",
    "price": 6.5,
    "quantity": 0.375,
    "unitPrice": 17.3
  },
  {
    "name": "Mayvers Smooth Choc Protein Peanut Spread",
    "url": "https://www.woolworths.com.au/shop/productdetails/322722",
    "img": "https://cdn0.woolworths.media/content/wowproductimages/medium/322722.jpg",
    "price": 6.5,
    "quantity": 0.375,
    "unitPrice": 17.3
  },
  {
    "name": "Mayver's Smunchy Protein Plus 5 Seeds Peanut Butter",
    "url": "https://www.woolworths.com.au/shop/productdetails/679383",
    "img": "https://cdn0.woolworths.media/content/wowproductimages/medium/679383.jpg",
    "price": 6.5,
    "quantity": 0.375,
    "unitPrice": 17.3
  },
  {
    "name": "Mayvers Smooth Peanut Butter & Honey",
    "url": "https://www.woolworths.com.au/shop/productdetails/320521",
    "img": "https://cdn0.woolworths.media/content/wowproductimages/medium/320521.jpg",
    "price": 6.5,
    "quantity": 0.375,
    "unitPrice": 17.3
  },
  {
    "name": "Natural Almonds",
    "url": "https://www.coles.com.au/product/coles-natural-almonds-750g-5207232",
    "img": "https://productimages.coles.com.au/productimages/5/5207232.jpg",
    "price": 13,
    "quantity": 0.75,
    "unitPrice": 17.33
  },
  {
    "name": "Dry Roasted Almonds",
    "url": "https://www.coles.com.au/product/coles-dry-roasted-almonds-750g-5210598",
    "img": "https://productimages.coles.com.au/productimages/5/5210598.jpg",
    "price": 13,
    "quantity": 0.75,
    "unitPrice": 17.33
  },
  {
    "name": "Woolworths Tuna Pasta Sicilian",
    "url": "https://www.woolworths.com.au/shop/productdetails/66591",
    "img": "https://cdn0.woolworths.media/content/wowproductimages/medium/066591.jpg",
    "price": 2.95,
    "quantity": 0.17,
    "unitPrice": 17.35
  },
  {
    "name": "Pacific Brown Rice & Quinoa With Peri Peri Tuna",
    "url": "https://www.coles.com.au/product/coles-pacific-brown-rice-&-quinoa-with-peri-peri-tuna-190g-3544548",
    "img": "https://productimages.coles.com.au/productimages/3/3544548.jpg",
    "price": 3.3,
    "quantity": 0.19,
    "unitPrice": 17.37
  },
  {
    "name": "Pacific Brown Rice & Quinoa With Peri Peri Tuna",
    "url": "https://www.coles.com.au/product/coles-pacific-brown-rice-&-quinoa-with-peri-peri-tuna-190g-3544548",
    "img": "https://productimages.coles.com.au/productimages/3/3544548.jpg",
    "price": 3.3,
    "quantity": 0.19,
    "unitPrice": 17.37
  },
  {
    "name": "Reduced Fat Cream",
    "url": "https://www.coles.com.au/product/nestle-reduced-fat-cream-230ml-3964521",
    "img": "https://productimages.coles.com.au/productimages/3/3964521.jpg",
    "price": 4,
    "quantity": 0.23,
    "unitPrice": 17.39
  },
  {
    "name": "Capers Vinegar",
    "url": "https://www.coles.com.au/product/always-fresh-capers-vinegar-230g-6738835",
    "img": "https://productimages.coles.com.au/productimages/6/6738835.jpg",
    "price": 4,
    "quantity": 0.23,
    "unitPrice": 17.39
  },
  {
    "name": "Nestle Reduced Fat Uht Cream",
    "url": "https://www.woolworths.com.au/shop/productdetails/151706",
    "img": "https://cdn0.woolworths.media/content/wowproductimages/medium/151706.jpg",
    "price": 4,
    "quantity": 0.23,
    "unitPrice": 17.39
  },
  {
    "name": "Woolworths Classic Beef Sausage Roll",
    "url": "https://www.woolworths.com.au/shop/productdetails/250846",
    "img": "https://cdn0.woolworths.media/content/wowproductimages/medium/250846.jpg",
    "price": 8,
    "quantity": 0.46,
    "unitPrice": 17.39
  },
  {
    "name": "Woolworths Pork & Fennel Sausage Roll",
    "url": "https://www.woolworths.com.au/shop/productdetails/250897",
    "img": "https://cdn0.woolworths.media/content/wowproductimages/medium/250897.jpg",
    "price": 8,
    "quantity": 0.46,
    "unitPrice": 17.39
  },
  {
    "name": "Ombra Sunscreen SPF 50+",
    "url": "https://www.aldi.com.au/en/groceries/limited-time-only/limited-time-only-detail/ps/p/ombra-sunscreen-spf-50-500ml/",
    "img": "https://www.aldi.com.au/fileadmin/_processed_/1/5/csm_11562_DE_Q_01_1x1_0d1bea2048.png",
    "price": 8.69,
    "quantity": 0.5,
    "unitPrice": 17.4
  },
  {
    "name": "Ombra Sunscreen SPF 50+",
    "url": "https://www.aldi.com.au/en/groceries/limited-time-only/limited-time-only-detail/ps/p/ombra-sunscreen-spf-50-500ml/",
    "img": "https://www.aldi.com.au/fileadmin/_processed_/1/5/csm_11562_DE_Q_01_1x1_0d1bea2048.png",
    "price": 8.69,
    "quantity": 0.5,
    "unitPrice": 17.4
  },
  {
    "name": "Rustic Thin & Crispy Spinach Mozzarella",
    "url": "https://www.coles.com.au/product/mccain-rustic-thin-&-crispy-spinach-mozzarella-380g-6839490",
    "img": "https://productimages.coles.com.au/productimages/6/6839490.jpg",
    "price": 6.6,
    "quantity": 0.38,
    "unitPrice": 17.4
  },
  {
    "name": "Dairy Milk Ice Cream Vanilla",
    "url": "https://www.coles.com.au/product/cadbury-dairy-milk-ice-cream-vanilla-460ml-6143780",
    "img": "https://productimages.coles.com.au/productimages/6/6143780.jpg",
    "price": 8,
    "quantity": 0.46,
    "unitPrice": 17.4
  },
  {
    "name": "Dairy Milk Ice Cream Caramello",
    "url": "https://www.coles.com.au/product/cadbury-dairy-milk-ice-cream-caramello-460ml-6143791",
    "img": "https://productimages.coles.com.au/productimages/6/6143791.jpg",
    "price": 8,
    "quantity": 0.46,
    "unitPrice": 17.4
  },
  {
    "name": "Dairy Milk Ice Cream Caramilk",
    "url": "https://www.coles.com.au/product/cadbury-dairy-milk-ice-cream-caramilk-460ml-6143816",
    "img": "https://productimages.coles.com.au/productimages/6/6143816.jpg",
    "price": 8,
    "quantity": 0.46,
    "unitPrice": 17.4
  },
  {
    "name": "Chilli Milli Samosa",
    "url": "https://www.coles.com.au/product/sabrini-chilli-milli-samosa-660g-3641001",
    "img": "https://productimages.coles.com.au/productimages/3/3641001.jpg",
    "price": 11.5,
    "quantity": 0.66,
    "unitPrice": 17.4
  },
  {
    "name": "Just Caught Frozen Natural Squid Rings",
    "url": "https://www.woolworths.com.au/shop/productdetails/187172",
    "img": "https://cdn0.woolworths.media/content/wowproductimages/medium/187172.jpg",
    "price": 8.7,
    "quantity": 0.5,
    "unitPrice": 17.4
  },
  {
    "name": "Oak Chocolate Flavoured Milk",
    "url": "https://www.woolworths.com.au/shop/productdetails/878734",
    "img": "https://cdn0.woolworths.media/content/wowproductimages/medium/878734.jpg",
    "price": 4.35,
    "quantity": 0.25,
    "unitPrice": 17.4
  },
  {
    "name": "Continental Classics Fried Rice Oriental",
    "url": "https://www.woolworths.com.au/shop/productdetails/62965",
    "img": "https://cdn0.woolworths.media/content/wowproductimages/medium/062965.jpg",
    "price": 2,
    "quantity": 0.115,
    "unitPrice": 17.4
  },
  {
    "name": "Natvia Sugar Fix'd Natural Sweetener",
    "url": "https://www.woolworths.com.au/shop/productdetails/285078",
    "img": "https://cdn0.woolworths.media/content/wowproductimages/medium/285078.jpg",
    "price": 11.5,
    "quantity": 0.66,
    "unitPrice": 17.4
  },
  {
    "name": "Betty Crocker Vanilla Gluten Free Cupcake Mix",
    "url": "https://www.woolworths.com.au/shop/productdetails/474367",
    "img": "https://cdn0.woolworths.media/content/wowproductimages/medium/474367.jpg",
    "price": 8,
    "quantity": 0.46,
    "unitPrice": 17.4
  },
  {
    "name": "Kitchen Thai Style Salad Kit",
    "url": "https://www.coles.com.au/product/coles-kitchen-thai-style-salad-kit-315g-5528586",
    "img": "https://productimages.coles.com.au/productimages/5/5528586.jpg",
    "price": 5.5,
    "quantity": 0.315,
    "unitPrice": 17.46
  },
  {
    "name": "Blackstone Gourmet Snack Co. Black Edition Deli Style Chips",
    "url": "https://www.aldi.com.au/en/groceries/limited-time-only/limited-time-only-detail/ps/p/blackstone-gourmet-snack-co-black-edition-deli-sty/",
    "img": "https://www.aldi.com.au/fileadmin/_processed_/6/4/csm_713073_DE_Q_01_1x1_5d048f697b.png",
    "price": 3.49,
    "quantity": 0.2,
    "unitPrice": 17.5
  },
  {
    "name": "Blackstone Gourmet Snack Co. Black Edition Deli Style Chips",
    "url": "https://www.aldi.com.au/en/groceries/limited-time-only/limited-time-only-detail/ps/p/blackstone-gourmet-snack-co-black-edition-deli-sty/",
    "img": "https://www.aldi.com.au/fileadmin/_processed_/6/4/csm_713073_DE_Q_01_1x1_5d048f697b.png",
    "price": 3.49,
    "quantity": 0.2,
    "unitPrice": 17.5
  },
  {
    "name": "Perino Gold Tomatoes Prepacked",
    "url": "https://www.coles.com.au/product/coles-perino-gold-tomatoes-prepacked-200g-1883000",
    "img": "https://productimages.coles.com.au/productimages/1/1883000.jpg",
    "price": 3.5,
    "quantity": 0.2,
    "unitPrice": 17.5
  },
  {
    "name": "Snacking Carrots",
    "url": "https://www.coles.com.au/product/coles-snacking-carrots-200g-3931170",
    "img": "https://productimages.coles.com.au/productimages/3/3931170.jpg",
    "price": 3.5,
    "quantity": 0.2,
    "unitPrice": 17.5
  },
  {
    "name": "Medley Perino Tomatoes",
    "url": "https://www.coles.com.au/product/fresh-medley-perino-tomatoes-200g-5081338",
    "img": "https://productimages.coles.com.au/productimages/5/5081338.jpg",
    "price": 3.5,
    "quantity": 0.2,
    "unitPrice": 17.5
  },
  {
    "name": "Grape Perino Tomatoes Prepacked",
    "url": "https://www.coles.com.au/product/coles-grape-perino-tomatoes-prepacked-200g-7265535",
    "img": "https://productimages.coles.com.au/productimages/7/7265535.jpg",
    "price": 3.5,
    "quantity": 0.2,
    "unitPrice": 17.5
  },
  {
    "name": "Natural Californian Walnut",
    "url": "https://www.coles.com.au/product/coles-natural-californian-walnut-400g-2123330",
    "img": "https://productimages.coles.com.au/productimages/2/2123330.jpg",
    "price": 7,
    "quantity": 0.4,
    "unitPrice": 17.5
  },
  {
    "name": "Dry Roasted Almonds",
    "url": "https://www.coles.com.au/product/coles-dry-roasted-almonds-400g-2123395",
    "img": "https://productimages.coles.com.au/productimages/2/2123395.jpg",
    "price": 7,
    "quantity": 0.4,
    "unitPrice": 17.5
  },
  {
    "name": "Natural Almonds",
    "url": "https://www.coles.com.au/product/coles-natural-almonds-400g-2123599",
    "img": "https://productimages.coles.com.au/productimages/2/2123599.jpg",
    "price": 7,
    "quantity": 0.4,
    "unitPrice": 17.5
  },
  {
    "name": "Crunchy Party Mix",
    "url": "https://www.coles.com.au/product/market-lane-crunchy-party-mix-400g-5526682",
    "img": "https://productimages.coles.com.au/productimages/5/5526682.jpg",
    "price": 7,
    "quantity": 0.4,
    "unitPrice": 17.5
  },
  {
    "name": "Honey Ham Sliced Quad Pack",
    "url": "https://www.coles.com.au/product/thomson's-deli-honey-ham-sliced-quad-pack-400g-2260465",
    "img": "https://productimages.coles.com.au/productimages/2/2260465.jpg",
    "price": 7,
    "quantity": 0.4,
    "unitPrice": 17.5
  },
  {
    "name": "English Style Ham Quad Pack",
    "url": "https://www.coles.com.au/product/thomson's-deli-english-style-ham-quad-pack-400g-2260476",
    "img": "https://productimages.coles.com.au/productimages/2/2260476.jpg",
    "price": 7,
    "quantity": 0.4,
    "unitPrice": 17.5
  },
  {
    "name": "Honey Ham Sliced Quad Pack",
    "url": "https://www.coles.com.au/product/thomson's-deli-honey-ham-sliced-quad-pack-400g-2260465",
    "img": "https://productimages.coles.com.au/productimages/2/2260465.jpg",
    "price": 7,
    "quantity": 0.4,
    "unitPrice": 17.5
  },
  {
    "name": "English Style Ham Quad Pack",
    "url": "https://www.coles.com.au/product/thomson's-deli-english-style-ham-quad-pack-400g-2260476",
    "img": "https://productimages.coles.com.au/productimages/2/2260476.jpg",
    "price": 7,
    "quantity": 0.4,
    "unitPrice": 17.5
  },
  {
    "name": "La Pasta Chicken Curry Flavour Pasta & Sauce",
    "url": "https://www.coles.com.au/product/san-remo-la-pasta-chicken-curry-flavour-pasta-&-sauce-80g-3221505",
    "img": "https://productimages.coles.com.au/productimages/3/3221505.jpg",
    "price": 1.4,
    "quantity": 0.08,
    "unitPrice": 17.5
  },
  {
    "name": "La Pasta Single Snack Alfredo Pasta & Sauce",
    "url": "https://www.coles.com.au/product/san-remo-la-pasta-single-snack-alfredo-pasta-&-sauce-80g-5177244",
    "img": "https://productimages.coles.com.au/productimages/5/5177244.jpg",
    "price": 1.4,
    "quantity": 0.08,
    "unitPrice": 17.5
  },
  {
    "name": "La Pasta Single Snack Carbonara Pasta & Sauce",
    "url": "https://www.coles.com.au/product/san-remo-la-pasta-single-snack-carbonara-pasta-&-sauce-80g-5177255",
    "img": "https://productimages.coles.com.au/productimages/5/5177255.jpg",
    "price": 1.4,
    "quantity": 0.08,
    "unitPrice": 17.5
  },
  {
    "name": "Single Snack Macaroni Cheese Pasta & Sauce",
    "url": "https://www.coles.com.au/product/san-remo-single-snack-macaroni-cheese-pasta-&-sauce-80g-5177288",
    "img": "https://productimages.coles.com.au/productimages/5/5177288.jpg",
    "price": 1.4,
    "quantity": 0.08,
    "unitPrice": 17.5
  },
  {
    "name": "La Pasta Single Snack Creamy Bacon Pasta & Sauce",
    "url": "https://www.coles.com.au/product/san-remo-la-pasta-single-snack-creamy-bacon-pasta-&-sauce-80g-5177299",
    "img": "https://productimages.coles.com.au/productimages/5/5177299.jpg",
    "price": 1.4,
    "quantity": 0.08,
    "unitPrice": 17.5
  },
  {
    "name": "Nourish Bowl Spiced Lentil Chickpeas & Brown Rice Ready To Eat",
    "url": "https://www.coles.com.au/product/edgell-nourish-bowl-spiced-lentil-chickpeas-&-brown-rice-ready-to-eat-200g-2743709",
    "img": "https://productimages.coles.com.au/productimages/2/2743709.jpg",
    "price": 3.5,
    "quantity": 0.2,
    "unitPrice": 17.5
  },
  {
    "name": "Prawns In Brine",
    "url": "https://www.coles.com.au/product/seacrown-prawns-in-brine-200g-8904662",
    "img": "https://productimages.coles.com.au/productimages/8/8904662.jpg",
    "price": 3.5,
    "quantity": 0.2,
    "unitPrice": 17.5
  },
  {
    "name": "Gourmet Spicy Shin Ramyun Noodle Soup",
    "url": "https://www.coles.com.au/product/nongshim-gourmet-spicy-shin-ramyun-noodle-soup-120g-6672023",
    "img": "https://productimages.coles.com.au/productimages/6/6672023.jpg",
    "price": 2.1,
    "quantity": 0.12,
    "unitPrice": 17.5
  },
  {
    "name": "Neoguri Seafood & Spicy Udon Noodle Soup",
    "url": "https://www.coles.com.au/product/nongshim-neoguri-seafood-&-spicy-udon-noodle-soup-120g-6673219",
    "img": "https://productimages.coles.com.au/productimages/6/6673219.jpg",
    "price": 2.1,
    "quantity": 0.12,
    "unitPrice": 17.5
  },
  {
    "name": "Seafood & Mild Neoguri Ramyun Noodle",
    "url": "https://www.coles.com.au/product/nongshim-seafood-&-mild-neoguri-ramyun-noodle-120g-9755965",
    "img": "https://productimages.coles.com.au/productimages/9/9755965.jpg",
    "price": 2.1,
    "quantity": 0.12,
    "unitPrice": 17.5
  },
  {
    "name": "Gluten Free Fried Noodles",
    "url": "https://www.coles.com.au/product/chang's-gluten-free-fried-noodles-100g-5249775",
    "img": "https://productimages.coles.com.au/productimages/5/5249775.jpg",
    "price": 1.75,
    "quantity": 0.1,
    "unitPrice": 17.5
  },
  {
    "name": "Nutcracker",
    "url": "https://www.coles.com.au/product/haldirams-nutcracker-200g-5258437",
    "img": "https://productimages.coles.com.au/productimages/5/5258437.jpg",
    "price": 3.5,
    "quantity": 0.2,
    "unitPrice": 17.5
  },
  {
    "name": "Original Pickle",
    "url": "https://www.coles.com.au/product/branston-original-pickle-360g-1689142",
    "img": "https://productimages.coles.com.au/productimages/1/1689142.jpg",
    "price": 6.3,
    "quantity": 0.36,
    "unitPrice": 17.5
  },
  {
    "name": "Aloo Paratha",
    "url": "https://www.coles.com.au/product/coco-earth-aloo-paratha-400g-6512060",
    "img": "https://productimages.coles.com.au/productimages/6/6512060.jpg",
    "price": 7,
    "quantity": 0.4,
    "unitPrice": 17.5
  },
  {
    "name": "Roasted Sunflower Seeds Spiced",
    "url": "https://www.coles.com.au/product/chacha-roasted-sunflower-seeds-spiced-228g-4210989",
    "img": "https://productimages.coles.com.au/productimages/4/4210989.jpg",
    "price": 4,
    "quantity": 0.228,
    "unitPrice": 17.5
  },
  {
    "name": "Roasted Sunflower Seeds Coconut",
    "url": "https://www.coles.com.au/product/chacha-roasted-sunflower-seeds-coconut-228g-4211085",
    "img": "https://productimages.coles.com.au/productimages/4/4211085.jpg",
    "price": 4,
    "quantity": 0.228,
    "unitPrice": 17.5
  },
  {
    "name": "Peanut Butter Smooth",
    "url": "https://www.coles.com.au/product/bega-peanut-butter-smooth-200g-181641",
    "img": "https://productimages.coles.com.au/productimages/1/181641.jpg",
    "price": 3.5,
    "quantity": 0.2,
    "unitPrice": 17.5
  },
  {
    "name": "Peanut Butter Crunchy",
    "url": "https://www.coles.com.au/product/bega-peanut-butter-crunchy-200g-181652",
    "img": "https://productimages.coles.com.au/productimages/1/181652.jpg",
    "price": 3.5,
    "quantity": 0.2,
    "unitPrice": 17.5
  },
  {
    "name": "Frozen Vegan Nuggets",
    "url": "https://www.coles.com.au/product/quorn-frozen-vegan-nuggets-280g-2749975",
    "img": "https://productimages.coles.com.au/productimages/2/2749975.jpg",
    "price": 4.9,
    "quantity": 0.28,
    "unitPrice": 17.5
  },
  {
    "name": "I'M Free From Garlic Bread",
    "url": "https://www.coles.com.au/product/coles-i'm-free-from-garlic-bread-400g-3519802",
    "img": "https://productimages.coles.com.au/productimages/3/3519802.jpg",
    "price": 7,
    "quantity": 0.4,
    "unitPrice": 17.5
  },
  {
    "name": "Frozen Chicken Breast Tempura Crackles",
    "url": "https://www.coles.com.au/product/steggles-frozen-chicken-breast-tempura-crackles-400g-5405881",
    "img": "https://productimages.coles.com.au/productimages/5/5405881.jpg",
    "price": 7,
    "quantity": 0.4,
    "unitPrice": 17.5
  },
  {
    "name": "Ricotta & Spinach Ravioli",
    "url": "https://www.coles.com.au/product/pasta-italia-ricotta-&-spinach-ravioli-400g-7033926",
    "img": "https://productimages.coles.com.au/productimages/7/7033926.jpg",
    "price": 7,
    "quantity": 0.4,
    "unitPrice": 17.5
  },
  {
    "name": "Pancetta & Smoked Mozzarella Ravioli",
    "url": "https://www.coles.com.au/product/pasta-italia-pancetta-&-smoked-mozzarella-ravioli-400g-7033959",
    "img": "https://productimages.coles.com.au/productimages/7/7033959.jpg",
    "price": 7,
    "quantity": 0.4,
    "unitPrice": 17.5
  },
  {
    "name": "Potato Gnocchi",
    "url": "https://www.coles.com.au/product/pasta-italia-potato-gnocchi-400g-7042927",
    "img": "https://productimages.coles.com.au/productimages/7/7042927.jpg",
    "price": 7,
    "quantity": 0.4,
    "unitPrice": 17.5
  },
  {
    "name": "RSPCA Approved Chicken Breast Schnitzel Plain Crumb",
    "url": "https://www.coles.com.au/product/coles-rspca-approved-chicken-breast-schnitzel-plain-crumb-600g-5969865",
    "img": "https://productimages.coles.com.au/productimages/5/5969865.jpg",
    "price": 10.5,
    "quantity": 0.6,
    "unitPrice": 17.5
  },
  {
    "name": "RSPCA Approved Chicken Breast Schnitzel Garlic & Herb Crumb",
    "url": "https://www.coles.com.au/product/coles-rspca-approved-chicken-breast-schnitzel-garlic-&-herb-crumb-600g-9232956",
    "img": "https://productimages.coles.com.au/productimages/9/9232956.jpg",
    "price": 10.5,
    "quantity": 0.6,
    "unitPrice": 17.5
  },
  {
    "name": "Free Range Chicken Breast Fillets Bulk Pack ",
    "url": "https://www.coles.com.au/product/lilydale-free-range-chicken-breast-fillets-bulk-pack--approx.-1kg-each-2303750",
    "img": "https://productimages.coles.com.au/productimages/2/2303750.jpg",
    "price": 17.5,
    "quantity": 1,
    "unitPrice": 17.5
  },
  {
    "name": "RSPCA Approved Chicken Breast Schnitzel Plain Crumb",
    "url": "https://www.coles.com.au/product/coles-rspca-approved-chicken-breast-schnitzel-plain-crumb-600g-5969865",
    "img": "https://productimages.coles.com.au/productimages/5/5969865.jpg",
    "price": 10.5,
    "quantity": 0.6,
    "unitPrice": 17.5
  },
  {
    "name": "RSPCA Approved Chicken Breast Schnitzel Garlic & Herb Crumb",
    "url": "https://www.coles.com.au/product/coles-rspca-approved-chicken-breast-schnitzel-garlic-&-herb-crumb-600g-9232956",
    "img": "https://productimages.coles.com.au/productimages/9/9232956.jpg",
    "price": 10.5,
    "quantity": 0.6,
    "unitPrice": 17.5
  },
  {
    "name": "Free Range Chicken Breast Fillets Bulk Pack ",
    "url": "https://www.coles.com.au/product/lilydale-free-range-chicken-breast-fillets-bulk-pack--approx.-1kg-each-2303750",
    "img": "https://productimages.coles.com.au/productimages/2/2303750.jpg",
    "price": 17.5,
    "quantity": 1,
    "unitPrice": 17.5
  },
  {
    "name": "Leggo's Fresh Veal Tortellini",
    "url": "https://www.woolworths.com.au/shop/productdetails/618616",
    "img": "https://cdn0.woolworths.media/content/wowproductimages/medium/618616.jpg",
    "price": 11,
    "quantity": 0.63,
    "unitPrice": 17.5
  },
  {
    "name": "Leggo's Fresh Beef Tomato & Parmesan Ravioli",
    "url": "https://www.woolworths.com.au/shop/productdetails/321800",
    "img": "https://cdn0.woolworths.media/content/wowproductimages/medium/321800.jpg",
    "price": 11,
    "quantity": 0.63,
    "unitPrice": 17.5
  },
  {
    "name": "Leggo's Fresh Roasted Pumpkin  & Feta Ravioli",
    "url": "https://www.woolworths.com.au/shop/productdetails/765451",
    "img": "https://cdn0.woolworths.media/content/wowproductimages/medium/765451.jpg",
    "price": 11,
    "quantity": 0.63,
    "unitPrice": 17.5
  },
  {
    "name": "Leggo's Fresh Ricotta & Spinach Agnolotti",
    "url": "https://www.woolworths.com.au/shop/productdetails/844412",
    "img": "https://cdn0.woolworths.media/content/wowproductimages/medium/844412.jpg",
    "price": 11,
    "quantity": 0.63,
    "unitPrice": 17.5
  },
  {
    "name": "Grand Italian Pan Fry Gnocchi Three Cheese",
    "url": "https://www.woolworths.com.au/shop/productdetails/212040",
    "img": "https://cdn0.woolworths.media/content/wowproductimages/medium/212040.jpg",
    "price": 7,
    "quantity": 0.4,
    "unitPrice": 17.5
  },
  {
    "name": "Grand Italian Gnocchi Pesto & Parmesan Premium",
    "url": "https://www.woolworths.com.au/shop/productdetails/211889",
    "img": "https://cdn0.woolworths.media/content/wowproductimages/medium/211889.jpg",
    "price": 7,
    "quantity": 0.4,
    "unitPrice": 17.5
  },
  {
    "name": "Grand Italian Tuscan Finest Panfry Gnocchi Sundried Tomato & Cheese",
    "url": "https://www.woolworths.com.au/shop/productdetails/277294",
    "img": "https://cdn0.woolworths.media/content/wowproductimages/medium/277294.jpg",
    "price": 7,
    "quantity": 0.4,
    "unitPrice": 17.5
  },
  {
    "name": "Edgell Nourish Bowl Spiced Lentil Salad Chickpeas & Brown Rice",
    "url": "https://www.woolworths.com.au/shop/productdetails/930181",
    "img": "https://cdn0.woolworths.media/content/wowproductimages/medium/930181.jpg",
    "price": 3.5,
    "quantity": 0.2,
    "unitPrice": 17.5
  },
  {
    "name": "Macro 12 Large Organic Australian Free Range Eggs",
    "url": "https://www.woolworths.com.au/shop/productdetails/191726",
    "img": "https://cdn0.woolworths.media/content/wowproductimages/medium/191726.jpg",
    "price": 10.5,
    "quantity": 0.6,
    "unitPrice": 17.5
  },
  {
    "name": "Edgell Nourish Bowl Spiced Lentil Salad Chickpeas & Brown Rice",
    "url": "https://www.woolworths.com.au/shop/productdetails/930181",
    "img": "https://cdn0.woolworths.media/content/wowproductimages/medium/930181.jpg",
    "price": 3.5,
    "quantity": 0.2,
    "unitPrice": 17.5
  },
  {
    "name": "San Remo La Pasta Macaroni Cheese Single Snack",
    "url": "https://www.woolworths.com.au/shop/productdetails/48645",
    "img": "https://cdn0.woolworths.media/content/wowproductimages/medium/048645.jpg",
    "price": 1.4,
    "quantity": 0.08,
    "unitPrice": 17.5
  },
  {
    "name": "San Remo La Pasta Alfredo Single Snack",
    "url": "https://www.woolworths.com.au/shop/productdetails/200783",
    "img": "https://cdn0.woolworths.media/content/wowproductimages/medium/200783.jpg",
    "price": 1.4,
    "quantity": 0.08,
    "unitPrice": 17.5
  },
  {
    "name": "San Remo La Pasta Carbonara Single Snack",
    "url": "https://www.woolworths.com.au/shop/productdetails/200784",
    "img": "https://cdn0.woolworths.media/content/wowproductimages/medium/200784.jpg",
    "price": 1.4,
    "quantity": 0.08,
    "unitPrice": 17.5
  },
  {
    "name": "San Remo La Pasta Creamy Bacon Single Snack",
    "url": "https://www.woolworths.com.au/shop/productdetails/96731",
    "img": "https://cdn0.woolworths.media/content/wowproductimages/medium/096731.jpg",
    "price": 1.4,
    "quantity": 0.08,
    "unitPrice": 17.5
  },
  {
    "name": "San Remo La Pasta Chicken Curry Single Snack",
    "url": "https://www.woolworths.com.au/shop/productdetails/96607",
    "img": "https://cdn0.woolworths.media/content/wowproductimages/medium/096607.jpg",
    "price": 1.4,
    "quantity": 0.08,
    "unitPrice": 17.5
  },
  {
    "name": "Edgell Nourish Bowl Spiced Lentil Salad Chickpeas & Brown Rice",
    "url": "https://www.woolworths.com.au/shop/productdetails/930181",
    "img": "https://cdn0.woolworths.media/content/wowproductimages/medium/930181.jpg",
    "price": 3.5,
    "quantity": 0.2,
    "unitPrice": 17.5
  },
  {
    "name": "Woolworths Beef Chuck Steak Medium",
    "url": "https://www.woolworths.com.au/shop/productdetails/675632",
    "img": "https://cdn0.woolworths.media/content/wowproductimages/medium/675632.jpg",
    "price": 14,
    "quantity": 0.8,
    "unitPrice": 17.5
  },
  {
    "name": "Woolworths Chicken Schnitzels",
    "url": "https://www.woolworths.com.au/shop/productdetails/134041",
    "img": "https://cdn0.woolworths.media/content/wowproductimages/medium/134041.jpg",
    "price": 10.5,
    "quantity": 0.6,
    "unitPrice": 17.5
  },
  {
    "name": "Woolworths Chicken Schnitzels Garlic & Herb",
    "url": "https://www.woolworths.com.au/shop/productdetails/134082",
    "img": "https://cdn0.woolworths.media/content/wowproductimages/medium/134082.jpg",
    "price": 10.5,
    "quantity": 0.6,
    "unitPrice": 17.5
  },
  {
    "name": "Woolworths Moisture Infused Pork Chops",
    "url": "https://www.woolworths.com.au/shop/productdetails/710886",
    "img": "https://cdn0.woolworths.media/content/wowproductimages/medium/710886.jpg",
    "price": 21,
    "quantity": 1.2,
    "unitPrice": 17.5
  },
  {
    "name": "Woolworths Cook Mild Mexican Pork Shoulder",
    "url": "https://www.woolworths.com.au/shop/productdetails/189407",
    "img": "https://cdn0.woolworths.media/content/wowproductimages/medium/189407.jpg",
    "price": 14,
    "quantity": 0.8,
    "unitPrice": 17.5
  },
  {
    "name": "Woolworths",
    "url": "https://www.woolworths.com.au/shop/productdetails/278380",
    "img": "https://cdn0.woolworths.media/content/wowproductimages/medium/278380.jpg",
    "price": 7,
    "quantity": 0.4,
    "unitPrice": 17.5
  },
  {
    "name": "Bonne Maman Strawberry Spread",
    "url": "https://www.woolworths.com.au/shop/productdetails/237398",
    "img": "https://cdn0.woolworths.media/content/wowproductimages/medium/237398.jpg",
    "price": 5.85,
    "quantity": 0.335,
    "unitPrice": 17.5
  },
  {
    "name": "Bonne Maman Apricot Spread",
    "url": "https://www.woolworths.com.au/shop/productdetails/237080",
    "img": "https://cdn0.woolworths.media/content/wowproductimages/medium/237080.jpg",
    "price": 5.85,
    "quantity": 0.335,
    "unitPrice": 17.5
  },
  {
    "name": "Bega Peanut Butter Smooth",
    "url": "https://www.woolworths.com.au/shop/productdetails/38920",
    "img": "https://cdn0.woolworths.media/content/wowproductimages/medium/038920.jpg",
    "price": 3.5,
    "quantity": 0.2,
    "unitPrice": 17.5
  },
  {
    "name": "Macro Organic Honey",
    "url": "https://www.woolworths.com.au/shop/productdetails/894688",
    "img": "https://cdn0.woolworths.media/content/wowproductimages/medium/894688.jpg",
    "price": 7,
    "quantity": 0.4,
    "unitPrice": 17.5
  },
  {
    "name": "Bega Peanut Butter Crunchy",
    "url": "https://www.woolworths.com.au/shop/productdetails/46731",
    "img": "https://cdn0.woolworths.media/content/wowproductimages/medium/046731.jpg",
    "price": 3.5,
    "quantity": 0.2,
    "unitPrice": 17.5
  },
  {
    "name": "Betty Crocker Salted Caramel Cookie Mix Limited Edition",
    "url": "https://www.woolworths.com.au/shop/productdetails/661671",
    "img": "https://cdn0.woolworths.media/content/wowproductimages/medium/661671.jpg",
    "price": 7,
    "quantity": 0.4,
    "unitPrice": 17.5
  },
  {
    "name": "Gluten Free Cheese Kransky",
    "url": "https://www.coles.com.au/product/primo-gluten-free-cheese-kransky-250g-2807460",
    "img": "https://productimages.coles.com.au/productimages/2/2807460.jpg",
    "price": 4.4,
    "quantity": 0.25,
    "unitPrice": 17.6
  },
  {
    "name": "Gluten Free Classic Kransky",
    "url": "https://www.coles.com.au/product/primo-gluten-free-classic-kransky-250g-3053965",
    "img": "https://productimages.coles.com.au/productimages/3/3053965.jpg",
    "price": 4.4,
    "quantity": 0.25,
    "unitPrice": 17.6
  },
  {
    "name": "Gluten Free Cheese Kransky",
    "url": "https://www.coles.com.au/product/primo-gluten-free-cheese-kransky-250g-2807460",
    "img": "https://productimages.coles.com.au/productimages/2/2807460.jpg",
    "price": 4.4,
    "quantity": 0.25,
    "unitPrice": 17.6
  },
  {
    "name": "Gluten Free Classic Kransky",
    "url": "https://www.coles.com.au/product/primo-gluten-free-classic-kransky-250g-3053965",
    "img": "https://productimages.coles.com.au/productimages/3/3053965.jpg",
    "price": 4.4,
    "quantity": 0.25,
    "unitPrice": 17.6
  },
  {
    "name": "Vanilla Twists Koulourakia Greek Biscuits",
    "url": "https://www.coles.com.au/product/olympian-vanilla-twists-koulourakia-greek-biscuits-250g-1855809",
    "img": "https://productimages.coles.com.au/productimages/1/1855809.jpg",
    "price": 4.4,
    "quantity": 0.25,
    "unitPrice": 17.6
  },
  {
    "name": "Mirin Seasoning",
    "url": "https://www.coles.com.au/product/obento-mirin-seasoning-250ml-3743759",
    "img": "https://productimages.coles.com.au/productimages/3/3743759.jpg",
    "price": 4.4,
    "quantity": 0.25,
    "unitPrice": 17.6
  },
  {
    "name": "Malaysian Peanut Satay",
    "url": "https://www.coles.com.au/product/street-kitchen-malaysian-peanut-satay-255g-3259712",
    "img": "https://productimages.coles.com.au/productimages/3/3259712.jpg",
    "price": 4.5,
    "quantity": 0.255,
    "unitPrice": 17.6
  },
  {
    "name": "Kitchen Korean Bulgogi Beef Kit",
    "url": "https://www.coles.com.au/product/street-kitchen-korean-bulgogi-beef-kit-255g-7047217",
    "img": "https://productimages.coles.com.au/productimages/7/7047217.jpg",
    "price": 4.5,
    "quantity": 0.255,
    "unitPrice": 17.6
  },
  {
    "name": "Creamed Honey",
    "url": "https://www.coles.com.au/product/capilano-creamed-honey-500g-134801",
    "img": "https://productimages.coles.com.au/productimages/1/134801.jpg",
    "price": 8.8,
    "quantity": 0.5,
    "unitPrice": 17.6
  },
  {
    "name": "Southern Blue Whiting Fillets",
    "url": "https://www.coles.com.au/product/i&j-southern-blue-whiting-fillets-500g-3754380",
    "img": "https://productimages.coles.com.au/productimages/3/3754380.jpg",
    "price": 8.8,
    "quantity": 0.5,
    "unitPrice": 17.6
  },
  {
    "name": "Brioche Gourmet Sliced Loaf",
    "url": "https://www.woolworths.com.au/shop/productdetails/803698",
    "img": "https://cdn0.woolworths.media/content/wowproductimages/medium/803698.jpg",
    "price": 8.8,
    "quantity": 0.5,
    "unitPrice": 17.6
  },
  {
    "name": "Five:am Organic Vanilla Bean Yoghurt",
    "url": "https://www.woolworths.com.au/shop/productdetails/375537",
    "img": "https://cdn0.woolworths.media/content/wowproductimages/medium/375537.jpg",
    "price": 3,
    "quantity": 0.17,
    "unitPrice": 17.6
  },
  {
    "name": "Five:am Organic Coffee Bean Yoghurt",
    "url": "https://www.woolworths.com.au/shop/productdetails/717537",
    "img": "https://cdn0.woolworths.media/content/wowproductimages/medium/717537.jpg",
    "price": 3,
    "quantity": 0.17,
    "unitPrice": 17.6
  },
  {
    "name": "Woolworths Basmati Rice Microwave Cup",
    "url": "https://www.woolworths.com.au/shop/productdetails/63665",
    "img": "https://cdn0.woolworths.media/content/wowproductimages/medium/063665.jpg",
    "price": 2.2,
    "quantity": 0.125,
    "unitPrice": 17.6
  },
  {
    "name": "Kellogg's All-bran Wheat Flakes Breakfast Cereal",
    "url": "https://www.woolworths.com.au/shop/productdetails/701725",
    "img": "https://cdn0.woolworths.media/content/wowproductimages/medium/701725.jpg",
    "price": 5.8,
    "quantity": 0.33,
    "unitPrice": 17.6
  },
  {
    "name": "Carman's Low Carb Granola Peanut Butter",
    "url": "https://www.woolworths.com.au/shop/productdetails/272313",
    "img": "https://cdn0.woolworths.media/content/wowproductimages/medium/272313.jpg",
    "price": 7.5,
    "quantity": 0.425,
    "unitPrice": 17.6
  },
  {
    "name": "Carman's Antioxidant Granola Blueberry & Vanilla",
    "url": "https://www.woolworths.com.au/shop/productdetails/272603",
    "img": "https://cdn0.woolworths.media/content/wowproductimages/medium/272603.jpg",
    "price": 7.5,
    "quantity": 0.425,
    "unitPrice": 17.6
  },
  {
    "name": "Capilano 100% Pure Australian Creamed Honey Tub",
    "url": "https://www.woolworths.com.au/shop/productdetails/14039",
    "img": "https://cdn0.woolworths.media/content/wowproductimages/medium/014039.jpg",
    "price": 8.8,
    "quantity": 0.5,
    "unitPrice": 17.6
  },
  {
    "name": "Masterfoods Carbonara Recipe Base",
    "url": "https://www.woolworths.com.au/shop/productdetails/840611",
    "img": "https://cdn0.woolworths.media/content/wowproductimages/medium/840611.jpg",
    "price": 3,
    "quantity": 0.17,
    "unitPrice": 17.6
  },
  {
    "name": "Masterfoods Chicken Alfredo Recipe Base",
    "url": "https://www.woolworths.com.au/shop/productdetails/840616",
    "img": "https://cdn0.woolworths.media/content/wowproductimages/medium/840616.jpg",
    "price": 3,
    "quantity": 0.17,
    "unitPrice": 17.6
  },
  {
    "name": "Sweet Baby Ray's Hickory & Brown Sugar Bbq Sauce",
    "url": "https://www.woolworths.com.au/shop/productdetails/802036",
    "img": "https://cdn0.woolworths.media/content/wowproductimages/medium/802036.jpg",
    "price": 7.5,
    "quantity": 0.425,
    "unitPrice": 17.6
  },
  {
    "name": "Sweet Baby Ray's Bbq Sauce",
    "url": "https://www.woolworths.com.au/shop/productdetails/377119",
    "img": "https://cdn0.woolworths.media/content/wowproductimages/medium/377119.jpg",
    "price": 7.5,
    "quantity": 0.425,
    "unitPrice": 17.6
  },
  {
    "name": "Sweet Baby Ray's Honey Bbq Sauce",
    "url": "https://www.woolworths.com.au/shop/productdetails/60469",
    "img": "https://cdn0.woolworths.media/content/wowproductimages/medium/060469.jpg",
    "price": 7.5,
    "quantity": 0.425,
    "unitPrice": 17.6
  },
  {
    "name": "Sweet Baby Ray's Sweet N Spicy Bbq Sauce",
    "url": "https://www.woolworths.com.au/shop/productdetails/60474",
    "img": "https://cdn0.woolworths.media/content/wowproductimages/medium/060474.jpg",
    "price": 7.5,
    "quantity": 0.425,
    "unitPrice": 17.6
  },
  {
    "name": "Sweet Baby Ray's Honey Chipotle Bbq Sauce",
    "url": "https://www.woolworths.com.au/shop/productdetails/607077",
    "img": "https://cdn0.woolworths.media/content/wowproductimages/medium/607077.jpg",
    "price": 7.5,
    "quantity": 0.425,
    "unitPrice": 17.6
  },
  {
    "name": "Dried Craisins Regular Cranberries",
    "url": "https://www.coles.com.au/product/ocean-spray-dried-craisins-regular-cranberries-170g-7859212",
    "img": "https://productimages.coles.com.au/productimages/7/7859212.jpg",
    "price": 3,
    "quantity": 0.17,
    "unitPrice": 17.65
  },
  {
    "name": "Dried Craisins Regular Cranberries",
    "url": "https://www.coles.com.au/product/ocean-spray-dried-craisins-regular-cranberries-170g-7859212",
    "img": "https://productimages.coles.com.au/productimages/7/7859212.jpg",
    "price": 3,
    "quantity": 0.17,
    "unitPrice": 17.65
  },
  {
    "name": "Smoked Oysters In Oil",
    "url": "https://www.coles.com.au/product/coles-smoked-oysters-in-oil-85g-3718070",
    "img": "https://productimages.coles.com.au/productimages/3/3718070.jpg",
    "price": 1.5,
    "quantity": 0.085,
    "unitPrice": 17.65
  },
  {
    "name": "Tuna in Oil Italian Style",
    "url": "https://www.coles.com.au/product/sirena-tuna-in-oil-italian-style-425g-390572",
    "img": "https://productimages.coles.com.au/productimages/3/390572.jpg",
    "price": 7.5,
    "quantity": 0.425,
    "unitPrice": 17.65
  },
  {
    "name": "Tuna In Springwater",
    "url": "https://www.coles.com.au/product/sirena-tuna-in-springwater-425g-9442937",
    "img": "https://productimages.coles.com.au/productimages/9/9442937.jpg",
    "price": 7.5,
    "quantity": 0.425,
    "unitPrice": 17.65
  },
  {
    "name": "Woolworths Smoked Oysters In Oil",
    "url": "https://www.woolworths.com.au/shop/productdetails/873018",
    "img": "https://cdn0.woolworths.media/content/wowproductimages/medium/873018.jpg",
    "price": 1.5,
    "quantity": 0.085,
    "unitPrice": 17.65
  },
  {
    "name": "Woolworths Smoked Oysters In Springwater",
    "url": "https://www.woolworths.com.au/shop/productdetails/873019",
    "img": "https://cdn0.woolworths.media/content/wowproductimages/medium/873019.jpg",
    "price": 1.5,
    "quantity": 0.085,
    "unitPrice": 17.65
  },
  {
    "name": "Sirena Tuna In Oil Italian Style",
    "url": "https://www.woolworths.com.au/shop/productdetails/91981",
    "img": "https://cdn0.woolworths.media/content/wowproductimages/medium/091981.jpg",
    "price": 7.5,
    "quantity": 0.425,
    "unitPrice": 17.65
  },
  {
    "name": "Sirena Tuna Springwater In Springwater",
    "url": "https://www.woolworths.com.au/shop/productdetails/765751",
    "img": "https://cdn0.woolworths.media/content/wowproductimages/medium/765751.jpg",
    "price": 7.5,
    "quantity": 0.425,
    "unitPrice": 17.65
  },
  {
    "name": "Masterfoods Chilli Con Carne Recipe Base",
    "url": "https://www.woolworths.com.au/shop/productdetails/840618",
    "img": "https://cdn0.woolworths.media/content/wowproductimages/medium/840618.jpg",
    "price": 3,
    "quantity": 0.17,
    "unitPrice": 17.65
  },
  {
    "name": "Ocean Spray Craisins Dried Cranberries",
    "url": "https://www.woolworths.com.au/shop/productdetails/95093",
    "img": "https://cdn0.woolworths.media/content/wowproductimages/medium/095093.jpg",
    "price": 3,
    "quantity": 0.17,
    "unitPrice": 17.65
  },
  {
    "name": "The Olive Tree Australian Extra Virgin Olive Oil Spray",
    "url": "https://www.aldi.com.au/en/groceries/pantry/olive-oil/olive-oil-detail/ps/p/the-olive-tree-australian-extra-virgin-olive-oil-s/",
    "img": "https://www.aldi.com.au/fileadmin/_processed_/2/9/csm_1001829-1_Q1-WEB-AUDIT_OLIVE-OIL_1x1_228x128_5_RET_02b191cfb2.png",
    "price": 3.99,
    "quantity": 0.225,
    "unitPrice": 17.7
  },
  {
    "name": "Choceur Peanut & Caramel Chocolate Block",
    "url": "https://www.aldi.com.au/en/groceries/limited-time-only/limited-time-only-detail/ps/p/choceur-peanut-caramel-chocolate-block-197g-1/",
    "img": "https://www.aldi.com.au/fileadmin/_processed_/c/8/csm_1001961-2_SEASONAL_1x1_228x128_B4_6_RET_9cea69aa56.png",
    "price": 3.49,
    "quantity": 0.197,
    "unitPrice": 17.7
  },
  {
    "name": "Choceur Peanut & Caramel Chocolate Block",
    "url": "https://www.aldi.com.au/en/groceries/limited-time-only/limited-time-only-detail/ps/p/choceur-peanut-caramel-chocolate-block-197g-1/",
    "img": "https://www.aldi.com.au/fileadmin/_processed_/c/8/csm_1001961-2_SEASONAL_1x1_228x128_B4_6_RET_9cea69aa56.png",
    "price": 3.49,
    "quantity": 0.197,
    "unitPrice": 17.7
  },
  {
    "name": "Peanut Butter Baking Chips",
    "url": "https://www.coles.com.au/product/reeses-peanut-butter-baking-chips-283g-4358946",
    "img": "https://productimages.coles.com.au/productimages/4/4358946.jpg",
    "price": 5,
    "quantity": 0.283,
    "unitPrice": 17.7
  },
  {
    "name": "Peanut Butter Baking Chips",
    "url": "https://www.coles.com.au/product/reeses-peanut-butter-baking-chips-283g-4358946",
    "img": "https://productimages.coles.com.au/productimages/4/4358946.jpg",
    "price": 5,
    "quantity": 0.283,
    "unitPrice": 17.7
  },
  {
    "name": "Asian Laksa Soup Serves 2",
    "url": "https://www.coles.com.au/product/coles-asian-laksa-soup-serves-2-65g-2894577",
    "img": "https://productimages.coles.com.au/productimages/2/2894577.jpg",
    "price": 1.15,
    "quantity": 0.065,
    "unitPrice": 17.7
  },
  {
    "name": "Vindaloo Curry Paste Hot",
    "url": "https://www.coles.com.au/product/patak's-vindaloo-curry-paste-hot-283g-5029917",
    "img": "https://productimages.coles.com.au/productimages/5/5029917.jpg",
    "price": 5,
    "quantity": 0.283,
    "unitPrice": 17.7
  },
  {
    "name": "Rogan Josh Curry Paste Medium",
    "url": "https://www.coles.com.au/product/patak's-rogan-josh-curry-paste-medium-283g-5292989",
    "img": "https://productimages.coles.com.au/productimages/5/5292989.jpg",
    "price": 5,
    "quantity": 0.283,
    "unitPrice": 17.7
  },
  {
    "name": "Tikka Masala Curry Paste Medium",
    "url": "https://www.coles.com.au/product/patak's-tikka-masala-curry-paste-medium-283g-7306177",
    "img": "https://productimages.coles.com.au/productimages/7/7306177.jpg",
    "price": 5,
    "quantity": 0.283,
    "unitPrice": 17.7
  },
  {
    "name": "Tortilla Pockets Kit Original Mexican Style",
    "url": "https://www.coles.com.au/product/old-el-paso-tortilla-pockets-kit-original-mexican-style-375g-3801593",
    "img": "https://productimages.coles.com.au/productimages/3/3801593.jpg",
    "price": 6.65,
    "quantity": 0.375,
    "unitPrice": 17.7
  },
  {
    "name": "Squeeze Garlic Aioli",
    "url": "https://www.coles.com.au/product/praise-squeeze-garlic-aioli-470g-7039773",
    "img": "https://productimages.coles.com.au/productimages/7/7039773.jpg",
    "price": 8.3,
    "quantity": 0.47,
    "unitPrice": 17.7
  },
  {
    "name": "Squeeze Chipotle Aioli",
    "url": "https://www.coles.com.au/product/praise-squeeze-chipotle-aioli-470g-7039784",
    "img": "https://productimages.coles.com.au/productimages/7/7039784.jpg",
    "price": 8.3,
    "quantity": 0.47,
    "unitPrice": 17.7
  },
  {
    "name": "Pork Dim Sims",
    "url": "https://www.coles.com.au/product/hong-kong-pork-dim-sims-480g-5292231",
    "img": "https://productimages.coles.com.au/productimages/5/5292231.jpg",
    "price": 8.5,
    "quantity": 0.48,
    "unitPrice": 17.7
  },
  {
    "name": "Healthy Treats Tiny Tubs Choc Mint/Caramel White Choc 4 Pack",
    "url": "https://www.coles.com.au/product/twisted-healthy-treats-tiny-tubs-choc-mint/caramel-white-choc-4-pack-480ml-5494870",
    "img": "https://productimages.coles.com.au/productimages/5/5494870.jpg",
    "price": 8.5,
    "quantity": 0.48,
    "unitPrice": 17.7
  },
  {
    "name": "Rana Ricotta & Spinach Tortellini",
    "url": "https://www.woolworths.com.au/shop/productdetails/120541",
    "img": "https://cdn0.woolworths.media/content/wowproductimages/medium/120541.jpg",
    "price": 10,
    "quantity": 0.565,
    "unitPrice": 17.7
  },
  {
    "name": "Rana Creamy Pumpkin & Cheese Tortellini",
    "url": "https://www.woolworths.com.au/shop/productdetails/212806",
    "img": "https://cdn0.woolworths.media/content/wowproductimages/medium/212806.jpg",
    "price": 10,
    "quantity": 0.565,
    "unitPrice": 17.7
  },
  {
    "name": "Uncle Tobys Oats Quick Sachets Big Bowl Creamy Honey Porridge",
    "url": "https://www.woolworths.com.au/shop/productdetails/147720",
    "img": "https://cdn0.woolworths.media/content/wowproductimages/medium/147720.jpg",
    "price": 6.5,
    "quantity": 0.368,
    "unitPrice": 17.7
  },
  {
    "name": "Uncle Tobys Oats Quick Sachets Big Bowl Original Porridge",
    "url": "https://www.woolworths.com.au/shop/productdetails/148281",
    "img": "https://cdn0.woolworths.media/content/wowproductimages/medium/148281.jpg",
    "price": 6.5,
    "quantity": 0.368,
    "unitPrice": 17.7
  },
  {
    "name": "Uncle Tobys Oats Quick Sachets Big Bowl Banana & Honey Porridge",
    "url": "https://www.woolworths.com.au/shop/productdetails/148985",
    "img": "https://cdn0.woolworths.media/content/wowproductimages/medium/148985.jpg",
    "price": 6.5,
    "quantity": 0.368,
    "unitPrice": 17.7
  },
  {
    "name": "No Nasties Choc Hazelnut Spread 50% Less Sugar",
    "url": "https://www.woolworths.com.au/shop/productdetails/237367",
    "img": "https://cdn0.woolworths.media/content/wowproductimages/medium/237367.jpg",
    "price": 6.2,
    "quantity": 0.35,
    "unitPrice": 17.7
  },
  {
    "name": "Reese's Peanut Butter Chips",
    "url": "https://www.woolworths.com.au/shop/productdetails/827791",
    "img": "https://cdn0.woolworths.media/content/wowproductimages/medium/827791.jpg",
    "price": 5,
    "quantity": 0.283,
    "unitPrice": 17.7
  },
  {
    "name": "Roasted Pepper Strips",
    "url": "https://www.coles.com.au/product/always-fresh-roasted-pepper-strips-310g-2747620",
    "img": "https://productimages.coles.com.au/productimages/2/2747620.jpg",
    "price": 5.5,
    "quantity": 0.31,
    "unitPrice": 17.74
  },
  {
    "name": "Frozen Tasty Calamari Salt & Pepper Lightly Crumbed Rings",
    "url": "https://www.coles.com.au/product/i&j-frozen-tasty-calamari-salt-&-pepper-lightly-crumbed-rings-360g-2988003",
    "img": "https://productimages.coles.com.au/productimages/2/2988003.jpg",
    "price": 6.4,
    "quantity": 0.36,
    "unitPrice": 17.78
  },
  {
    "name": "Crumbed Prawn Cutlets",
    "url": "https://www.coles.com.au/product/coles-crumbed-prawn-cutlets-360g-4408385",
    "img": "https://productimages.coles.com.au/productimages/4/4408385.jpg",
    "price": 6.4,
    "quantity": 0.36,
    "unitPrice": 17.78
  },
  {
    "name": "Made Easy Chicken Enchiladas With Beans & Cheese",
    "url": "https://www.coles.com.au/product/coles-made-easy-chicken-enchiladas-with-beans-&-cheese-450g-3024843",
    "img": "https://productimages.coles.com.au/productimages/3/3024843.jpg",
    "price": 8,
    "quantity": 0.45,
    "unitPrice": 17.78
  },
  {
    "name": "Farmhouse Style Pork Sausages",
    "url": "https://www.coles.com.au/product/three-aussie-farmers-farmhouse-style-pork-sausages-450g-3770627",
    "img": "https://productimages.coles.com.au/productimages/3/3770627.jpg",
    "price": 8,
    "quantity": 0.45,
    "unitPrice": 17.78
  },
  {
    "name": "Louisiana Pork Sausage",
    "url": "https://www.coles.com.au/product/three-aussie-farmers-louisiana-pork-sausage-450g-3901690",
    "img": "https://productimages.coles.com.au/productimages/3/3901690.jpg",
    "price": 8,
    "quantity": 0.45,
    "unitPrice": 17.78
  },
  {
    "name": "Classic Aussie Banger Beef & Pork Sausage",
    "url": "https://www.coles.com.au/product/three-aussie-farmers-classic-aussie-banger-beef-&-pork-sausage-450g-4469277",
    "img": "https://productimages.coles.com.au/productimages/4/4469277.jpg",
    "price": 8,
    "quantity": 0.45,
    "unitPrice": 17.78
  },
  {
    "name": "Lamb Garlic And Oregano Sausages",
    "url": "https://www.coles.com.au/product/coles-finest-lamb-garlic-and-oregano-sausages-450g-5927592",
    "img": "https://productimages.coles.com.au/productimages/5/5927592.jpg",
    "price": 8,
    "quantity": 0.45,
    "unitPrice": 17.78
  },
  {
    "name": "Made Easy Slow Cooked Lamb Shanks In Red Wine Sauce",
    "url": "https://www.coles.com.au/product/coles-made-easy-slow-cooked-lamb-shanks-in-red-wine-sauce-900g-1200402",
    "img": "https://productimages.coles.com.au/productimages/1/1200402.jpg",
    "price": 16,
    "quantity": 0.9,
    "unitPrice": 17.78
  },
  {
    "name": "Made Easy Chicken Enchiladas With Beans & Cheese",
    "url": "https://www.coles.com.au/product/coles-made-easy-chicken-enchiladas-with-beans-&-cheese-450g-3024843",
    "img": "https://productimages.coles.com.au/productimages/3/3024843.jpg",
    "price": 8,
    "quantity": 0.45,
    "unitPrice": 17.78
  },
  {
    "name": "Farmhouse Style Pork Sausages",
    "url": "https://www.coles.com.au/product/three-aussie-farmers-farmhouse-style-pork-sausages-450g-3770627",
    "img": "https://productimages.coles.com.au/productimages/3/3770627.jpg",
    "price": 8,
    "quantity": 0.45,
    "unitPrice": 17.78
  },
  {
    "name": "Louisiana Pork Sausage",
    "url": "https://www.coles.com.au/product/three-aussie-farmers-louisiana-pork-sausage-450g-3901690",
    "img": "https://productimages.coles.com.au/productimages/3/3901690.jpg",
    "price": 8,
    "quantity": 0.45,
    "unitPrice": 17.78
  },
  {
    "name": "Classic Aussie Banger Beef & Pork Sausage",
    "url": "https://www.coles.com.au/product/three-aussie-farmers-classic-aussie-banger-beef-&-pork-sausage-450g-4469277",
    "img": "https://productimages.coles.com.au/productimages/4/4469277.jpg",
    "price": 8,
    "quantity": 0.45,
    "unitPrice": 17.78
  },
  {
    "name": "Lamb Garlic And Oregano Sausages",
    "url": "https://www.coles.com.au/product/coles-finest-lamb-garlic-and-oregano-sausages-450g-5927592",
    "img": "https://productimages.coles.com.au/productimages/5/5927592.jpg",
    "price": 8,
    "quantity": 0.45,
    "unitPrice": 17.78
  },
  {
    "name": "Made Easy Slow Cooked Lamb Shanks In Red Wine Sauce",
    "url": "https://www.coles.com.au/product/coles-made-easy-slow-cooked-lamb-shanks-in-red-wine-sauce-900g-1200402",
    "img": "https://productimages.coles.com.au/productimages/1/1200402.jpg",
    "price": 16,
    "quantity": 0.9,
    "unitPrice": 17.78
  },
  {
    "name": "Peppercorn Beef Sausages Extra Lean",
    "url": "https://www.woolworths.com.au/shop/productdetails/178143",
    "img": "https://cdn0.woolworths.media/content/wowproductimages/medium/178143.jpg",
    "price": 8,
    "quantity": 0.45,
    "unitPrice": 17.78
  },
  {
    "name": "The Best Margherita Frozen Pizza Ever",
    "url": "https://www.aldi.com.au/en/groceries/freezer/freezer-detail/ps/p/the-best-margherita-pizza-ever-365g/",
    "img": "https://www.aldi.com.au/fileadmin/_processed_/f/5/csm_ALN2626_MARGHERITA_PIZZA_1x1_228x128_663241c472.jpg",
    "price": 6.49,
    "quantity": 0.365,
    "unitPrice": 17.8
  },
  {
    "name": "Fluff",
    "url": "https://www.coles.com.au/product/marshmallow-fluff-213g-2137378",
    "img": "https://productimages.coles.com.au/productimages/2/2137378.jpg",
    "price": 3.8,
    "quantity": 0.213,
    "unitPrice": 17.8
  },
  {
    "name": "Organic Frozen Banana",
    "url": "https://www.coles.com.au/product/oob-organic-frozen-banana-450g-3987844",
    "img": "https://productimages.coles.com.au/productimages/3/3987844.jpg",
    "price": 8,
    "quantity": 0.45,
    "unitPrice": 17.8
  },
  {
    "name": "Rustica Thin & Crispy Angus Beef",
    "url": "https://www.coles.com.au/product/mccain-rustica-thin-&-crispy-angus-beef-370g-6839515",
    "img": "https://productimages.coles.com.au/productimages/6/6839515.jpg",
    "price": 6.6,
    "quantity": 0.37,
    "unitPrice": 17.8
  },
  {
    "name": "Woolworths Lemon Drizzle Loaf Cake",
    "url": "https://www.woolworths.com.au/shop/productdetails/113770",
    "img": "https://cdn0.woolworths.media/content/wowproductimages/medium/113770.jpg",
    "price": 8,
    "quantity": 0.45,
    "unitPrice": 17.8
  },
  {
    "name": "Woolworths Hummingbird Loaf Cake",
    "url": "https://www.woolworths.com.au/shop/productdetails/113771",
    "img": "https://cdn0.woolworths.media/content/wowproductimages/medium/113771.jpg",
    "price": 8,
    "quantity": 0.45,
    "unitPrice": 17.8
  },
  {
    "name": "Fodmapped For You Roasted Pumpkin & Sage Soup",
    "url": "https://www.woolworths.com.au/shop/productdetails/647691",
    "img": "https://cdn0.woolworths.media/content/wowproductimages/medium/647691.jpg",
    "price": 8.9,
    "quantity": 0.5,
    "unitPrice": 17.8
  },
  {
    "name": "Woolworths Lemon Drizzle Loaf Cake",
    "url": "https://www.woolworths.com.au/shop/productdetails/113770",
    "img": "https://cdn0.woolworths.media/content/wowproductimages/medium/113770.jpg",
    "price": 8,
    "quantity": 0.45,
    "unitPrice": 17.8
  },
  {
    "name": "Woolworths Hummingbird Loaf Cake",
    "url": "https://www.woolworths.com.au/shop/productdetails/113771",
    "img": "https://cdn0.woolworths.media/content/wowproductimages/medium/113771.jpg",
    "price": 8,
    "quantity": 0.45,
    "unitPrice": 17.8
  },
  {
    "name": "Belvita Strawberry Yoghurt Sandwich Breakfast Biscuits 5 Pack",
    "url": "https://www.woolworths.com.au/shop/productdetails/510428",
    "img": "https://cdn0.woolworths.media/content/wowproductimages/medium/510428.jpg",
    "price": 4.5,
    "quantity": 0.253,
    "unitPrice": 17.8
  },
  {
    "name": "Belvita Choc Hazelnut Sandwich Breakfast Biscuits 5 Pack",
    "url": "https://www.woolworths.com.au/shop/productdetails/54839",
    "img": "https://cdn0.woolworths.media/content/wowproductimages/medium/054839.jpg",
    "price": 4.5,
    "quantity": 0.253,
    "unitPrice": 17.8
  },
  {
    "name": "Fodmapped Minestrone Soup",
    "url": "https://www.woolworths.com.au/shop/productdetails/224385",
    "img": "https://cdn0.woolworths.media/content/wowproductimages/medium/224385.jpg",
    "price": 8.9,
    "quantity": 0.5,
    "unitPrice": 17.8
  },
  {
    "name": "Cadbury Baking Milk Chocolate Melts",
    "url": "https://www.woolworths.com.au/shop/productdetails/829005",
    "img": "https://cdn0.woolworths.media/content/wowproductimages/medium/829005.jpg",
    "price": 4,
    "quantity": 0.225,
    "unitPrice": 17.8
  },
  {
    "name": "Cadbury Baking Dark Chocolate Melts",
    "url": "https://www.woolworths.com.au/shop/productdetails/829009",
    "img": "https://cdn0.woolworths.media/content/wowproductimages/medium/829009.jpg",
    "price": 4,
    "quantity": 0.225,
    "unitPrice": 17.8
  },
  {
    "name": "Betty Crocker Chocolate Fudge Gluten Free Brownie Mix",
    "url": "https://www.woolworths.com.au/shop/productdetails/793245",
    "img": "https://cdn0.woolworths.media/content/wowproductimages/medium/793245.jpg",
    "price": 8,
    "quantity": 0.45,
    "unitPrice": 17.8
  },
  {
    "name": "Salad Family Baby Spinach",
    "url": "https://www.coles.com.au/product/coles-salad-family-baby-spinach-280g-8658588",
    "img": "https://productimages.coles.com.au/productimages/8/8658588.jpg",
    "price": 5,
    "quantity": 0.28,
    "unitPrice": 17.86
  },
  {
    "name": "Gourmet Kangaroo Meatballs",
    "url": "https://www.coles.com.au/product/k-roo-gourmet-kangaroo-meatballs-420g-2391532",
    "img": "https://productimages.coles.com.au/productimages/2/2391532.jpg",
    "price": 7.5,
    "quantity": 0.42,
    "unitPrice": 17.86
  },
  {
    "name": "Graze Grass Fed Beef Meatballs",
    "url": "https://www.coles.com.au/product/coles-graze-grass-fed-beef-meatballs-420g-2725456",
    "img": "https://productimages.coles.com.au/productimages/2/2725456.jpg",
    "price": 7.5,
    "quantity": 0.42,
    "unitPrice": 17.86
  },
  {
    "name": "Gourmet Kangaroo Meatballs",
    "url": "https://www.coles.com.au/product/k-roo-gourmet-kangaroo-meatballs-420g-2391532",
    "img": "https://productimages.coles.com.au/productimages/2/2391532.jpg",
    "price": 7.5,
    "quantity": 0.42,
    "unitPrice": 17.86
  },
  {
    "name": "Graze Grass Fed Beef Meatballs",
    "url": "https://www.coles.com.au/product/coles-graze-grass-fed-beef-meatballs-420g-2725456",
    "img": "https://productimages.coles.com.au/productimages/2/2725456.jpg",
    "price": 7.5,
    "quantity": 0.42,
    "unitPrice": 17.86
  },
  {
    "name": "Woolworths Baby Spinach Spinach",
    "url": "https://www.woolworths.com.au/shop/productdetails/524336",
    "img": "https://cdn0.woolworths.media/content/wowproductimages/medium/524336.jpg",
    "price": 5,
    "quantity": 0.28,
    "unitPrice": 17.86
  },
  {
    "name": "Woolworths Bbq Pulled Pork Burger Kit",
    "url": "https://www.woolworths.com.au/shop/productdetails/212746",
    "img": "https://cdn0.woolworths.media/content/wowproductimages/medium/212746.jpg",
    "price": 12.5,
    "quantity": 0.7,
    "unitPrice": 17.86
  },
  {
    "name": "American Hot Dog Franks",
    "url": "https://www.coles.com.au/product/hans-american-hot-dog-franks-375g-5738556",
    "img": "https://productimages.coles.com.au/productimages/5/5738556.jpg",
    "price": 6.7,
    "quantity": 0.375,
    "unitPrice": 17.87
  },
  {
    "name": "American Hot Dog Franks",
    "url": "https://www.coles.com.au/product/hans-american-hot-dog-franks-375g-5738556",
    "img": "https://productimages.coles.com.au/productimages/5/5738556.jpg",
    "price": 6.7,
    "quantity": 0.375,
    "unitPrice": 17.87
  },
  {
    "name": "Greek Gigantes Beans",
    "url": "https://www.coles.com.au/product/palirra-greek-gigantes-beans-280g-3466772",
    "img": "https://productimages.coles.com.au/productimages/3/3466772.jpg",
    "price": 5,
    "quantity": 0.28,
    "unitPrice": 17.9
  },
  {
    "name": "Hoisin Sauce",
    "url": "https://www.coles.com.au/product/lee-kum-kee-hoisin-sauce-240g-5252962",
    "img": "https://productimages.coles.com.au/productimages/5/5252962.jpg",
    "price": 4.3,
    "quantity": 0.24,
    "unitPrice": 17.9
  },
  {
    "name": "Pad Thai Paste",
    "url": "https://www.coles.com.au/product/valcom-pad-thai-paste-240g-9434520",
    "img": "https://productimages.coles.com.au/productimages/9/9434520.jpg",
    "price": 4.3,
    "quantity": 0.24,
    "unitPrice": 17.9
  },
  {
    "name": "Verjuice Vinegar",
    "url": "https://www.coles.com.au/product/anchor-verjuice-vinegar-375ml-5216700",
    "img": "https://productimages.coles.com.au/productimages/5/5216700.jpg",
    "price": 6.7,
    "quantity": 0.375,
    "unitPrice": 17.9
  },
  {
    "name": "Mini French Dressing",
    "url": "https://www.coles.com.au/product/praise-mini-french-dressing-140ml-7023580",
    "img": "https://productimages.coles.com.au/productimages/7/7023580.jpg",
    "price": 2.5,
    "quantity": 0.14,
    "unitPrice": 17.9
  },
  {
    "name": "Mini Italian Dressing",
    "url": "https://www.coles.com.au/product/praise-mini-italian-dressing-140ml-7023605",
    "img": "https://productimages.coles.com.au/productimages/7/7023605.jpg",
    "price": 2.5,
    "quantity": 0.14,
    "unitPrice": 17.9
  },
  {
    "name": "Mini Caesar Dressing",
    "url": "https://www.coles.com.au/product/praise-mini-caesar-dressing-140ml-7023660",
    "img": "https://productimages.coles.com.au/productimages/7/7023660.jpg",
    "price": 2.5,
    "quantity": 0.14,
    "unitPrice": 17.9
  },
  {
    "name": "Mini Thai Beef Salad Dressing",
    "url": "https://www.coles.com.au/product/praise-mini-thai-beef-salad-dressing-140ml-7023729",
    "img": "https://productimages.coles.com.au/productimages/7/7023729.jpg",
    "price": 2.5,
    "quantity": 0.14,
    "unitPrice": 17.9
  },
  {
    "name": "Traditional Mayonnaise",
    "url": "https://www.coles.com.au/product/coles-finest-traditional-mayonnaise-280g-7078822",
    "img": "https://productimages.coles.com.au/productimages/7/7078822.jpg",
    "price": 5,
    "quantity": 0.28,
    "unitPrice": 17.9
  },
  {
    "name": "Frozen Premium Tasty Cheese & Bacon Quiches 2 pack",
    "url": "https://www.coles.com.au/product/temptation-frozen-premium-tasty-cheese-&-bacon-quiches-2-pack-280g-3014318",
    "img": "https://productimages.coles.com.au/productimages/3/3014318.jpg",
    "price": 5,
    "quantity": 0.28,
    "unitPrice": 17.9
  },
  {
    "name": "Frozen Healthy Choice Chinese Chicken With Cashews",
    "url": "https://www.coles.com.au/product/mccain-frozen-healthy-choice-chinese-chicken-with-cashews-280g-8057001",
    "img": "https://productimages.coles.com.au/productimages/8/8057001.jpg",
    "price": 5,
    "quantity": 0.28,
    "unitPrice": 17.9
  },
  {
    "name": "Frozen Sticky Date Pudding",
    "url": "https://www.coles.com.au/product/sara-lee-frozen-sticky-date-pudding-475g-6863815",
    "img": "https://productimages.coles.com.au/productimages/6/6863815.jpg",
    "price": 8.5,
    "quantity": 0.475,
    "unitPrice": 17.9
  },
  {
    "name": "Anchor Margaret River Verjuice",
    "url": "https://www.woolworths.com.au/shop/productdetails/272761",
    "img": "https://cdn0.woolworths.media/content/wowproductimages/medium/272761.jpg",
    "price": 6.7,
    "quantity": 0.375,
    "unitPrice": 17.9
  },
  {
    "name": "Lee Kum Kee Sauce Hoi Sin",
    "url": "https://www.woolworths.com.au/shop/productdetails/39336",
    "img": "https://cdn0.woolworths.media/content/wowproductimages/medium/039336.jpg",
    "price": 4.3,
    "quantity": 0.24,
    "unitPrice": 17.9
  },
  {
    "name": "Forresters Sweet & Salty Snack Mix",
    "url": "https://www.aldi.com.au/en/groceries/limited-time-only/limited-time-only-detail/ps/p/forresters-sweet-salty-snack-mix-200g/",
    "img": "https://www.aldi.com.au/fileadmin/_processed_/5/9/csm_1001961-2_SEASONAL_1x1_228x128_B4_12_RET_0d91b21b40.png",
    "price": 3.49,
    "quantity": 0.2,
    "unitPrice": 17.95
  },
  {
    "name": "Emporium Selection Apricot & Almond Cream Cheese",
    "url": "https://www.aldi.com.au/en/groceries/fresh-produce/dairy-eggs/dairy-eggs-detail/ps/p/emporium-selection-apricot-almond-cream-cheese-200-1/",
    "img": "https://www.aldi.com.au/fileadmin/_processed_/7/2/csm_ALN2853_AWARDS_CHEESE_1x1_228x128_5_45551ddf4a.jpg",
    "price": 3.59,
    "quantity": 0.2,
    "unitPrice": 17.95
  },
  {
    "name": "Forresters Sweet & Salty Snack Mix",
    "url": "https://www.aldi.com.au/en/groceries/limited-time-only/limited-time-only-detail/ps/p/forresters-sweet-salty-snack-mix-200g/",
    "img": "https://www.aldi.com.au/fileadmin/_processed_/5/9/csm_1001961-2_SEASONAL_1x1_228x128_B4_12_RET_0d91b21b40.png",
    "price": 3.49,
    "quantity": 0.2,
    "unitPrice": 17.95
  },
  {
    "name": "White Mill Cake in a Mug",
    "url": "https://www.aldi.com.au/en/groceries/limited-time-only/limited-time-only-detail/ps/p/white-mill-cake-in-a-mug-55g/",
    "img": "https://www.aldi.com.au/fileadmin/_processed_/b/3/csm_709129_DE_Q_01_1x1_d77f456bf4.png",
    "price": 0.99,
    "quantity": 0.055,
    "unitPrice": 18
  },
  {
    "name": "Pure Valley Salted Organic Butter",
    "url": "https://www.aldi.com.au/en/groceries/fresh-produce/dairy-eggs/dairy-eggs-detail/ps/p/pure-valley-salted-organic-butter-250g/",
    "img": "https://www.aldi.com.au/fileadmin/_processed_/7/5/csm_1001829-2_Q1-WEB-AUDIT_DAIRY-EGGS_1x1_228x128_15_RET_83f486cedd.png",
    "price": 4.49,
    "quantity": 0.249,
    "unitPrice": 18
  },
  {
    "name": "White Mill Cake in a Mug",
    "url": "https://www.aldi.com.au/en/groceries/limited-time-only/limited-time-only-detail/ps/p/white-mill-cake-in-a-mug-55g/",
    "img": "https://www.aldi.com.au/fileadmin/_processed_/b/3/csm_709129_DE_Q_01_1x1_d77f456bf4.png",
    "price": 0.99,
    "quantity": 0.055,
    "unitPrice": 18
  },
  {
    "name": "BBQ Rice Crackers",
    "url": "https://www.coles.com.au/product/coles-bbq-rice-crackers-approx.-100g-1948626",
    "img": "https://productimages.coles.com.au/productimages/1/1948626.jpg",
    "price": 1.8,
    "quantity": 0.1,
    "unitPrice": 18
  },
  {
    "name": "Soy Crisps",
    "url": "https://www.coles.com.au/product/coles-soy-crisps-approx.-100g-8416829",
    "img": "https://productimages.coles.com.au/productimages/8/8416829.jpg",
    "price": 1.8,
    "quantity": 0.1,
    "unitPrice": 18
  },
  {
    "name": "Dried Apricots",
    "url": "https://www.coles.com.au/product/coles-dried-apricots-approx.-100g-8417220",
    "img": "https://productimages.coles.com.au/productimages/8/8417220.jpg",
    "price": 1.8,
    "quantity": 0.1,
    "unitPrice": 18
  },
  {
    "name": "Chilli & Lime Soy Crisps",
    "url": "https://www.coles.com.au/product/coles-chilli-&-lime-soy-crisps-approx.-100g-8704110",
    "img": "https://productimages.coles.com.au/productimages/8/8704110.jpg",
    "price": 1.8,
    "quantity": 0.1,
    "unitPrice": 18
  },
  {
    "name": "Honey & Dijon Soy Crisps",
    "url": "https://www.coles.com.au/product/coles-honey-&-dijon-soy-crisps-approx.-100g-8704696",
    "img": "https://productimages.coles.com.au/productimages/8/8704696.jpg",
    "price": 1.8,
    "quantity": 0.1,
    "unitPrice": 18
  },
  {
    "name": "Chilli Fried Rice Crackers",
    "url": "https://www.coles.com.au/product/coles-chilli-fried-rice-crackers-approx.-100g-8725007",
    "img": "https://productimages.coles.com.au/productimages/8/8725007.jpg",
    "price": 1.8,
    "quantity": 0.1,
    "unitPrice": 18
  },
  {
    "name": "Pretzels",
    "url": "https://www.coles.com.au/product/coles-pretzels-approx.-100g-8726360",
    "img": "https://productimages.coles.com.au/productimages/8/8726360.jpg",
    "price": 1.8,
    "quantity": 0.1,
    "unitPrice": 18
  },
  {
    "name": "Instant Valilla Pudding",
    "url": "https://www.coles.com.au/product/cottees-instant-valilla-pudding-100g-8810751",
    "img": "https://productimages.coles.com.au/productimages/8/8810751.jpg",
    "price": 1.8,
    "quantity": 0.1,
    "unitPrice": 18
  },
  {
    "name": "Choc Mousse Layer",
    "url": "https://www.coles.com.au/product/white-wings-choc-mousse-layer-200g-4357943",
    "img": "https://productimages.coles.com.au/productimages/4/4357943.jpg",
    "price": 3.6,
    "quantity": 0.2,
    "unitPrice": 18
  },
  {
    "name": "Cheesecake Layer",
    "url": "https://www.coles.com.au/product/white-wings-cheesecake-layer-200g-4357954",
    "img": "https://productimages.coles.com.au/productimages/4/4357954.jpg",
    "price": 3.6,
    "quantity": 0.2,
    "unitPrice": 18
  },
  {
    "name": "Chocolate Sprinkles",
    "url": "https://www.coles.com.au/product/coles-chocolate-sprinkles-250g-3024130",
    "img": "https://productimages.coles.com.au/productimages/3/3024130.jpg",
    "price": 4.5,
    "quantity": 0.25,
    "unitPrice": 18
  },
  {
    "name": "Sweetener Granular",
    "url": "https://www.coles.com.au/product/natvia-sweetener-granular-300g-7497483",
    "img": "https://productimages.coles.com.au/productimages/7/7497483.jpg",
    "price": 5.4,
    "quantity": 0.3,
    "unitPrice": 18
  },
  {
    "name": "Instant Valilla Pudding",
    "url": "https://www.coles.com.au/product/cottees-instant-valilla-pudding-100g-8810751",
    "img": "https://productimages.coles.com.au/productimages/8/8810751.jpg",
    "price": 1.8,
    "quantity": 0.1,
    "unitPrice": 18
  },
  {
    "name": "Choc Mousse Layer",
    "url": "https://www.coles.com.au/product/white-wings-choc-mousse-layer-200g-4357943",
    "img": "https://productimages.coles.com.au/productimages/4/4357943.jpg",
    "price": 3.6,
    "quantity": 0.2,
    "unitPrice": 18
  },
  {
    "name": "Cheesecake Layer",
    "url": "https://www.coles.com.au/product/white-wings-cheesecake-layer-200g-4357954",
    "img": "https://productimages.coles.com.au/productimages/4/4357954.jpg",
    "price": 3.6,
    "quantity": 0.2,
    "unitPrice": 18
  },
  {
    "name": "Chocolate Sprinkles",
    "url": "https://www.coles.com.au/product/coles-chocolate-sprinkles-250g-3024130",
    "img": "https://productimages.coles.com.au/productimages/3/3024130.jpg",
    "price": 4.5,
    "quantity": 0.25,
    "unitPrice": 18
  },
  {
    "name": "Sweetener Granular",
    "url": "https://www.coles.com.au/product/natvia-sweetener-granular-300g-7497483",
    "img": "https://productimages.coles.com.au/productimages/7/7497483.jpg",
    "price": 5.4,
    "quantity": 0.3,
    "unitPrice": 18
  },
  {
    "name": "Rice Supergrain Panang Vegetable",
    "url": "https://www.coles.com.au/product/hart-&-soul-rice-supergrain-panang-vegetable-250g-3510149",
    "img": "https://productimages.coles.com.au/productimages/3/3510149.jpg",
    "price": 4.5,
    "quantity": 0.25,
    "unitPrice": 18
  },
  {
    "name": "Rice Supergrain Butter Chicken",
    "url": "https://www.coles.com.au/product/hart-&-soul-rice-supergrain-butter-chicken-250g-3510150",
    "img": "https://productimages.coles.com.au/productimages/3/3510150.jpg",
    "price": 4.5,
    "quantity": 0.25,
    "unitPrice": 18
  },
  {
    "name": "Supergrain Ready Meal Satay",
    "url": "https://www.coles.com.au/product/hart-&-soul-supergrain-ready-meal-satay-250g-3863670",
    "img": "https://productimages.coles.com.au/productimages/3/3863670.jpg",
    "price": 4.5,
    "quantity": 0.25,
    "unitPrice": 18
  },
  {
    "name": "Supergrain Ready Meal Teriyaki",
    "url": "https://www.coles.com.au/product/hart-&-soul-supergrain-supergrain-ready-meal-teriyaki-250g-3863681",
    "img": "https://productimages.coles.com.au/productimages/3/3863681.jpg",
    "price": 4.5,
    "quantity": 0.25,
    "unitPrice": 18
  },
  {
    "name": "Urban Coffee Culture Medium Roast Ground",
    "url": "https://www.coles.com.au/product/coles-urban-coffee-culture-medium-roast-ground-250g-3616387",
    "img": "https://productimages.coles.com.au/productimages/3/3616387.jpg",
    "price": 4.5,
    "quantity": 0.25,
    "unitPrice": 18
  },
  {
    "name": "Urban Coffee Culture Strong Ground Coffee",
    "url": "https://www.coles.com.au/product/coles-urban-coffee-culture-strong-ground-coffee-250g-3616401",
    "img": "https://productimages.coles.com.au/productimages/3/3616401.jpg",
    "price": 4.5,
    "quantity": 0.25,
    "unitPrice": 18
  },
  {
    "name": "Urban Coffee Culture Medium Roast Ground",
    "url": "https://www.coles.com.au/product/coles-urban-coffee-culture-medium-roast-ground-250g-3616387",
    "img": "https://productimages.coles.com.au/productimages/3/3616387.jpg",
    "price": 4.5,
    "quantity": 0.25,
    "unitPrice": 18
  },
  {
    "name": "Urban Coffee Culture Strong Ground Coffee",
    "url": "https://www.coles.com.au/product/coles-urban-coffee-culture-strong-ground-coffee-250g-3616401",
    "img": "https://productimages.coles.com.au/productimages/3/3616401.jpg",
    "price": 4.5,
    "quantity": 0.25,
    "unitPrice": 18
  },
  {
    "name": "Cumin Seeds",
    "url": "https://www.coles.com.au/product/pattu-cumin-seeds-200g-3339163",
    "img": "https://productimages.coles.com.au/productimages/3/3339163.jpg",
    "price": 3.5,
    "quantity": 0.2,
    "unitPrice": 18
  },
  {
    "name": "Cumin Powder",
    "url": "https://www.coles.com.au/product/pattu-cumin-powder-200g-3339174",
    "img": "https://productimages.coles.com.au/productimages/3/3339174.jpg",
    "price": 3.5,
    "quantity": 0.2,
    "unitPrice": 18
  },
  {
    "name": "Red Chilli Powder",
    "url": "https://www.coles.com.au/product/pattu-red-chilli-powder-200g-3339265",
    "img": "https://productimages.coles.com.au/productimages/3/3339265.jpg",
    "price": 3.5,
    "quantity": 0.2,
    "unitPrice": 18
  },
  {
    "name": "Plain Pappadams",
    "url": "https://www.coles.com.au/product/maharajah's-choice-large-plain-pappadams-100g-3475693",
    "img": "https://productimages.coles.com.au/productimages/3/3475693.jpg",
    "price": 1.8,
    "quantity": 0.1,
    "unitPrice": 18
  },
  {
    "name": "Hulled Tahini",
    "url": "https://www.coles.com.au/product/gaganis-hulled-tahini-375g-6094255",
    "img": "https://productimages.coles.com.au/productimages/6/6094255.jpg",
    "price": 6.75,
    "quantity": 0.375,
    "unitPrice": 18
  },
  {
    "name": "Squeeze",
    "url": "https://www.coles.com.au/product/b-honey-squeeze-750g-5038656",
    "img": "https://productimages.coles.com.au/productimages/5/5038656.jpg",
    "price": 13.5,
    "quantity": 0.75,
    "unitPrice": 18
  },
  {
    "name": "Traditional Gravy Mix",
    "url": "https://www.coles.com.au/product/coles-traditional-gravy-mix-120g-7755159",
    "img": "https://productimages.coles.com.au/productimages/7/7755159.jpg",
    "price": 2.1,
    "quantity": 0.12,
    "unitPrice": 18
  },
  {
    "name": "Chicken Gravy Mix",
    "url": "https://www.coles.com.au/product/coles-chicken-gravy-mix-120g-7755160",
    "img": "https://productimages.coles.com.au/productimages/7/7755160.jpg",
    "price": 2.1,
    "quantity": 0.12,
    "unitPrice": 18
  },
  {
    "name": "Instant Roast Meat Gravy Mix",
    "url": "https://www.coles.com.au/product/coles-instant-roast-meat-gravy-mix-120g-7755170",
    "img": "https://productimages.coles.com.au/productimages/7/7755170.jpg",
    "price": 2.1,
    "quantity": 0.12,
    "unitPrice": 18
  },
  {
    "name": "Gluten Free Real Gourmet Stock Powder Canned",
    "url": "https://www.coles.com.au/product/vegeta-gluten-free-real-gourmet-stock-powder-canned-250g-134110",
    "img": "https://productimages.coles.com.au/productimages/1/134110.jpg",
    "price": 4.5,
    "quantity": 0.25,
    "unitPrice": 18
  },
  {
    "name": "Lamb Loin Chops Bulk",
    "url": "https://www.coles.com.au/product/coles-lamb-loin-chops-bulk-approx.-890g-3292300",
    "img": "https://productimages.coles.com.au/productimages/3/3292300.jpg",
    "price": 16.02,
    "quantity": 0.89,
    "unitPrice": 18
  },
  {
    "name": "BUTCHER HAM STEAKS",
    "url": "https://www.coles.com.au/product/coles-butcher-ham-steaks-375g-5986922",
    "img": "https://productimages.coles.com.au/productimages/5/5986922.jpg",
    "price": 6.75,
    "quantity": 0.375,
    "unitPrice": 18
  },
  {
    "name": "Gluten Free Beef Burgers Graze Grass Fed Oregano & Fresh Parsley",
    "url": "https://www.coles.com.au/product/coles-gluten-free-beef-burgers-graze-grass-fed-oregano-&-fresh-parsley-500g-2529470",
    "img": "https://productimages.coles.com.au/productimages/2/2529470.jpg",
    "price": 9,
    "quantity": 0.5,
    "unitPrice": 18
  },
  {
    "name": "RSPCA Approved Chicken Spicy Buttermilk Wings",
    "url": "https://www.coles.com.au/product/coles-rspca-approved-chicken-spicy-buttermilk-wings-500g-3838593",
    "img": "https://productimages.coles.com.au/productimages/3/3838593.jpg",
    "price": 9,
    "quantity": 0.5,
    "unitPrice": 18
  },
  {
    "name": "Meatballs",
    "url": "https://www.coles.com.au/product/coles-finest-meatballs-500g-4209866",
    "img": "https://productimages.coles.com.au/productimages/4/4209866.jpg",
    "price": 9,
    "quantity": 0.5,
    "unitPrice": 18
  },
  {
    "name": "The Outback BBQ Beef & Pork Burgers",
    "url": "https://www.coles.com.au/product/three-aussie-farmers-the-outback-bbq-beef-&-pork-burgers-500g-5175249",
    "img": "https://productimages.coles.com.au/productimages/5/5175249.jpg",
    "price": 9,
    "quantity": 0.5,
    "unitPrice": 18
  },
  {
    "name": "No Added Hormone Beef 4 Star Lean Mince",
    "url": "https://www.coles.com.au/product/coles-no-added-hormone-beef-4-star-lean-mince-500g-8112449",
    "img": "https://productimages.coles.com.au/productimages/8/8112449.jpg",
    "price": 9,
    "quantity": 0.5,
    "unitPrice": 18
  },
  {
    "name": "RSPCA Approved Chicken Breast Stir Fry                 ",
    "url": "https://www.coles.com.au/product/coles-rspca-approved-chicken-breast-stir-fry------------------approx.-700g-2263292",
    "img": "https://productimages.coles.com.au/productimages/2/2263292.jpg",
    "price": 12.6,
    "quantity": 0.7,
    "unitPrice": 18
  },
  {
    "name": "No Added Hormone Beef Roast Topside",
    "url": "https://www.coles.com.au/product/coles-no-added-hormone-beef-roast-topside-approx.-1.3kg-3492637",
    "img": "https://productimages.coles.com.au/productimages/3/3492637.jpg",
    "price": 23.4,
    "quantity": 1.3,
    "unitPrice": 18
  },
  {
    "name": "Graze Grassfed Blade Roast",
    "url": "https://www.coles.com.au/product/coles-graze-grassfed-blade-roast-approx.-1.4kg-5176591",
    "img": "https://productimages.coles.com.au/productimages/5/5176591.jpg",
    "price": 25.2,
    "quantity": 1.4,
    "unitPrice": 18
  },
  {
    "name": "Lamb Loin Chops Bulk",
    "url": "https://www.coles.com.au/product/coles-lamb-loin-chops-bulk-approx.-890g-3292300",
    "img": "https://productimages.coles.com.au/productimages/3/3292300.jpg",
    "price": 16.02,
    "quantity": 0.89,
    "unitPrice": 18
  },
  {
    "name": "BUTCHER HAM STEAKS",
    "url": "https://www.coles.com.au/product/coles-butcher-ham-steaks-375g-5986922",
    "img": "https://productimages.coles.com.au/productimages/5/5986922.jpg",
    "price": 6.75,
    "quantity": 0.375,
    "unitPrice": 18
  },
  {
    "name": "York Foods Lard",
    "url": "https://www.woolworths.com.au/shop/productdetails/794705",
    "img": "https://cdn0.woolworths.media/content/wowproductimages/medium/794705.jpg",
    "price": 4.5,
    "quantity": 0.25,
    "unitPrice": 18
  },
  {
    "name": "Woolworths Balsamic Vinegar",
    "url": "https://www.woolworths.com.au/shop/productdetails/257302",
    "img": "https://cdn0.woolworths.media/content/wowproductimages/medium/257302.jpg",
    "price": 4.5,
    "quantity": 0.25,
    "unitPrice": 18
  },
  {
    "name": "Moro Extra Virgin Olive Oil",
    "url": "https://www.woolworths.com.au/shop/productdetails/83991",
    "img": "https://cdn0.woolworths.media/content/wowproductimages/medium/083991.jpg",
    "price": 18,
    "quantity": 1,
    "unitPrice": 18
  },
  {
    "name": "Moro Light Taste Olive Oil",
    "url": "https://www.woolworths.com.au/shop/productdetails/370440",
    "img": "https://cdn0.woolworths.media/content/wowproductimages/medium/370440.jpg",
    "price": 18,
    "quantity": 1,
    "unitPrice": 18
  },
  {
    "name": "Monini Grapeseed Oil",
    "url": "https://www.woolworths.com.au/shop/productdetails/807202",
    "img": "https://cdn0.woolworths.media/content/wowproductimages/medium/807202.jpg",
    "price": 13.5,
    "quantity": 0.75,
    "unitPrice": 18
  },
  {
    "name": "Azalea Grape Seed Oil",
    "url": "https://www.woolworths.com.au/shop/productdetails/71586",
    "img": "https://cdn0.woolworths.media/content/wowproductimages/medium/071586.jpg",
    "price": 18,
    "quantity": 1,
    "unitPrice": 18
  },
  {
    "name": "Moro Mild Taste",
    "url": "https://www.woolworths.com.au/shop/productdetails/97745",
    "img": "https://cdn0.woolworths.media/content/wowproductimages/medium/097745.jpg",
    "price": 18,
    "quantity": 1,
    "unitPrice": 18
  },
  {
    "name": "Woolworths Vannamei Prawns Small Cooked Thawed",
    "url": "https://www.woolworths.com.au/shop/productdetails/190683",
    "img": "https://cdn0.woolworths.media/content/wowproductimages/medium/190683.jpg",
    "price": 18,
    "quantity": 1,
    "unitPrice": 18
  },
  {
    "name": "Woolworths Free From Gluten Apple Pie",
    "url": "https://www.woolworths.com.au/shop/productdetails/808590",
    "img": "https://cdn0.woolworths.media/content/wowproductimages/medium/808590.jpg",
    "price": 13.5,
    "quantity": 0.75,
    "unitPrice": 18
  },
  {
    "name": "San Remo Pulse Pasta Red Lentils",
    "url": "https://www.woolworths.com.au/shop/productdetails/679127",
    "img": "https://cdn0.woolworths.media/content/wowproductimages/medium/679127.jpg",
    "price": 4.5,
    "quantity": 0.25,
    "unitPrice": 18
  },
  {
    "name": "San Remo Pasta Pulse Penne",
    "url": "https://www.woolworths.com.au/shop/productdetails/619426",
    "img": "https://cdn0.woolworths.media/content/wowproductimages/medium/619426.jpg",
    "price": 4.5,
    "quantity": 0.25,
    "unitPrice": 18
  },
  {
    "name": "San Remo Gluten Free Brown Rice Penne",
    "url": "https://www.woolworths.com.au/shop/productdetails/647730",
    "img": "https://cdn0.woolworths.media/content/wowproductimages/medium/647730.jpg",
    "price": 4.5,
    "quantity": 0.25,
    "unitPrice": 18
  },
  {
    "name": "San Remo Spirals Spelt Pasta",
    "url": "https://www.woolworths.com.au/shop/productdetails/739878",
    "img": "https://cdn0.woolworths.media/content/wowproductimages/medium/739878.jpg",
    "price": 4.5,
    "quantity": 0.25,
    "unitPrice": 18
  },
  {
    "name": "San Remo Pasta Chickpea Spirals",
    "url": "https://www.woolworths.com.au/shop/productdetails/619463",
    "img": "https://cdn0.woolworths.media/content/wowproductimages/medium/619463.jpg",
    "price": 4.5,
    "quantity": 0.25,
    "unitPrice": 18
  },
  {
    "name": "Woolworths Lean Beef Mince",
    "url": "https://www.woolworths.com.au/shop/productdetails/577861",
    "img": "https://cdn0.woolworths.media/content/wowproductimages/medium/577861.jpg",
    "price": 9,
    "quantity": 0.5,
    "unitPrice": 18
  },
  {
    "name": "Woolworths Shortcut Bacon",
    "url": "https://www.woolworths.com.au/shop/productdetails/55374",
    "img": "https://cdn0.woolworths.media/content/wowproductimages/medium/055374.jpg",
    "price": 9,
    "quantity": 0.5,
    "unitPrice": 18
  },
  {
    "name": "Macro Chicken Mince Free Range",
    "url": "https://www.woolworths.com.au/shop/productdetails/705461",
    "img": "https://cdn0.woolworths.media/content/wowproductimages/medium/705461.jpg",
    "price": 9,
    "quantity": 0.5,
    "unitPrice": 18
  },
  {
    "name": "Woolworths Italian Style Fennel Pork Sausages",
    "url": "https://www.woolworths.com.au/shop/productdetails/83729",
    "img": "https://cdn0.woolworths.media/content/wowproductimages/medium/083729.jpg",
    "price": 9,
    "quantity": 0.5,
    "unitPrice": 18
  },
  {
    "name": "Woolworths Fetta & Spinach Chicken Sausages",
    "url": "https://www.woolworths.com.au/shop/productdetails/83727",
    "img": "https://cdn0.woolworths.media/content/wowproductimages/medium/083727.jpg",
    "price": 9,
    "quantity": 0.5,
    "unitPrice": 18
  },
  {
    "name": "Woolworths Classic Cumberland Pork Sausages",
    "url": "https://www.woolworths.com.au/shop/productdetails/83728",
    "img": "https://cdn0.woolworths.media/content/wowproductimages/medium/083728.jpg",
    "price": 9,
    "quantity": 0.5,
    "unitPrice": 18
  },
  {
    "name": "Macro Grass Fed Beef Burger",
    "url": "https://www.woolworths.com.au/shop/productdetails/175567",
    "img": "https://cdn0.woolworths.media/content/wowproductimages/medium/175567.jpg",
    "price": 9,
    "quantity": 0.5,
    "unitPrice": 18
  },
  {
    "name": "Macro Grass Fed Beef Sausage",
    "url": "https://www.woolworths.com.au/shop/productdetails/175566",
    "img": "https://cdn0.woolworths.media/content/wowproductimages/medium/175566.jpg",
    "price": 9,
    "quantity": 0.5,
    "unitPrice": 18
  },
  {
    "name": "Woolworths Chorizo With Roasted Garlic Sausages",
    "url": "https://www.woolworths.com.au/shop/productdetails/231672",
    "img": "https://cdn0.woolworths.media/content/wowproductimages/medium/231672.jpg",
    "price": 9,
    "quantity": 0.5,
    "unitPrice": 18
  },
  {
    "name": "Woolworths Cook Lamb Shanks With Red Wine & Rosemary",
    "url": "https://www.woolworths.com.au/shop/productdetails/83111",
    "img": "https://cdn0.woolworths.media/content/wowproductimages/medium/083111.jpg",
    "price": 22.5,
    "quantity": 1.25,
    "unitPrice": 18
  },
  {
    "name": "Woolworths Bbq Beef Chuck Burgers With Garlic & Cracked Pepper",
    "url": "https://www.woolworths.com.au/shop/productdetails/97469",
    "img": "https://cdn0.woolworths.media/content/wowproductimages/medium/097469.jpg",
    "price": 9,
    "quantity": 0.5,
    "unitPrice": 18
  },
  {
    "name": "Royal Bacon Co Bacon Ends",
    "url": "https://www.woolworths.com.au/shop/productdetails/97477",
    "img": "https://cdn0.woolworths.media/content/wowproductimages/medium/097477.jpg",
    "price": 9,
    "quantity": 0.5,
    "unitPrice": 18
  },
  {
    "name": "Masterfoods Finely Crushed Garlic",
    "url": "https://www.woolworths.com.au/shop/productdetails/9096",
    "img": "https://cdn0.woolworths.media/content/wowproductimages/medium/009096.jpg",
    "price": 3,
    "quantity": 0.17,
    "unitPrice": 18
  },
  {
    "name": "Uncle Tobys Oats Quick Sachets Creamy Honey Porridge",
    "url": "https://www.woolworths.com.au/shop/productdetails/148364",
    "img": "https://cdn0.woolworths.media/content/wowproductimages/medium/148364.jpg",
    "price": 6.3,
    "quantity": 0.35,
    "unitPrice": 18
  },
  {
    "name": "Uncle Tobys Oats Quick Sachets Berry Variety Porridge",
    "url": "https://www.woolworths.com.au/shop/productdetails/147406",
    "img": "https://cdn0.woolworths.media/content/wowproductimages/medium/147406.jpg",
    "price": 6.3,
    "quantity": 0.35,
    "unitPrice": 18
  },
  {
    "name": "Uncle Tobys Oats Quick Sachets Brown Sugar & Cinnamon Porridge",
    "url": "https://www.woolworths.com.au/shop/productdetails/148885",
    "img": "https://cdn0.woolworths.media/content/wowproductimages/medium/148885.jpg",
    "price": 6.3,
    "quantity": 0.35,
    "unitPrice": 18
  },
  {
    "name": "Uncle Tobys Oats Quick Sachets Creamy Vanilla Porridge",
    "url": "https://www.woolworths.com.au/shop/productdetails/147588",
    "img": "https://cdn0.woolworths.media/content/wowproductimages/medium/147588.jpg",
    "price": 6.3,
    "quantity": 0.35,
    "unitPrice": 18
  },
  {
    "name": "Uncle Tobys Oats Quick Sachets Apple & Cinnamon Porridge",
    "url": "https://www.woolworths.com.au/shop/productdetails/149866",
    "img": "https://cdn0.woolworths.media/content/wowproductimages/medium/149866.jpg",
    "price": 6.3,
    "quantity": 0.35,
    "unitPrice": 18
  },
  {
    "name": "Uncle Tobys Oats Quick Sachets Fruit Variety Porridge",
    "url": "https://www.woolworths.com.au/shop/productdetails/147398",
    "img": "https://cdn0.woolworths.media/content/wowproductimages/medium/147398.jpg",
    "price": 6.3,
    "quantity": 0.35,
    "unitPrice": 18
  },
  {
    "name": "Nature Nate's 100% Pure Australian Raw & Unfiltered Honey",
    "url": "https://www.woolworths.com.au/shop/productdetails/99801",
    "img": "https://cdn0.woolworths.media/content/wowproductimages/medium/099801.jpg",
    "price": 9,
    "quantity": 0.5,
    "unitPrice": 18
  },
  {
    "name": "Woolworths Gravy Mix Traditional",
    "url": "https://www.woolworths.com.au/shop/productdetails/250679",
    "img": "https://cdn0.woolworths.media/content/wowproductimages/medium/250679.jpg",
    "price": 2.1,
    "quantity": 0.12,
    "unitPrice": 18
  },
  {
    "name": "Woolworths Roast Meat Flavoured Instant Gravy",
    "url": "https://www.woolworths.com.au/shop/productdetails/250677",
    "img": "https://cdn0.woolworths.media/content/wowproductimages/medium/250677.jpg",
    "price": 2.1,
    "quantity": 0.12,
    "unitPrice": 18
  },
  {
    "name": "Woolworths Flavoured Instant Gravy Chicken",
    "url": "https://www.woolworths.com.au/shop/productdetails/250675",
    "img": "https://cdn0.woolworths.media/content/wowproductimages/medium/250675.jpg",
    "price": 2.1,
    "quantity": 0.12,
    "unitPrice": 18
  },
  {
    "name": "Woolworths Brown Onion Instant Gravy",
    "url": "https://www.woolworths.com.au/shop/productdetails/250673",
    "img": "https://cdn0.woolworths.media/content/wowproductimages/medium/250673.jpg",
    "price": 2.1,
    "quantity": 0.12,
    "unitPrice": 18
  },
  {
    "name": "Praise Burger Sauce Aioli",
    "url": "https://www.woolworths.com.au/shop/productdetails/694025",
    "img": "https://cdn0.woolworths.media/content/wowproductimages/medium/694025.jpg",
    "price": 4.5,
    "quantity": 0.25,
    "unitPrice": 18
  },
  {
    "name": "Cottee's Instant Vanilla Pudding Vanilla",
    "url": "https://www.woolworths.com.au/shop/productdetails/137364",
    "img": "https://cdn0.woolworths.media/content/wowproductimages/medium/137364.jpg",
    "price": 1.8,
    "quantity": 0.1,
    "unitPrice": 18
  },
  {
    "name": "White Wings Chocolate Mousse Mix",
    "url": "https://www.woolworths.com.au/shop/productdetails/141729",
    "img": "https://cdn0.woolworths.media/content/wowproductimages/medium/141729.jpg",
    "price": 3.6,
    "quantity": 0.2,
    "unitPrice": 18
  },
  {
    "name": "White Wings Cheesecake Layer Mix",
    "url": "https://www.woolworths.com.au/shop/productdetails/141161",
    "img": "https://cdn0.woolworths.media/content/wowproductimages/medium/141161.jpg",
    "price": 3.6,
    "quantity": 0.2,
    "unitPrice": 18
  },
  {
    "name": "Whole Earth Stevia Sugar Replacement",
    "url": "https://www.woolworths.com.au/shop/productdetails/251041",
    "img": "https://cdn0.woolworths.media/content/wowproductimages/medium/251041.jpg",
    "price": 10.8,
    "quantity": 0.6,
    "unitPrice": 18
  },
  {
    "name": "Woolworths Soft & Juicy Pitted Dates",
    "url": "https://www.woolworths.com.au/shop/productdetails/821562",
    "img": "https://cdn0.woolworths.media/content/wowproductimages/medium/821562.jpg",
    "price": 4.5,
    "quantity": 0.25,
    "unitPrice": 18
  },
  {
    "name": "Woolworths Soft & Juicy Figs",
    "url": "https://www.woolworths.com.au/shop/productdetails/821561",
    "img": "https://cdn0.woolworths.media/content/wowproductimages/medium/821561.jpg",
    "price": 4.5,
    "quantity": 0.25,
    "unitPrice": 18
  },
  {
    "name": "Woolworths Soft & Juicy Apricots",
    "url": "https://www.woolworths.com.au/shop/productdetails/83293",
    "img": "https://cdn0.woolworths.media/content/wowproductimages/medium/083293.jpg",
    "price": 4.5,
    "quantity": 0.25,
    "unitPrice": 18
  },
  {
    "name": "Steggles Crumbed Chicken Breast Fingers",
    "url": "https://www.woolworths.com.au/shop/productdetails/705144",
    "img": "https://cdn0.woolworths.media/content/wowproductimages/medium/705144.jpg",
    "price": 6.5,
    "quantity": 0.36,
    "unitPrice": 18.06
  },
  {
    "name": "Pariser",
    "url": "https://www.coles.com.au/product/don-pariser-approx.-100g-5186777",
    "img": "https://productimages.coles.com.au/productimages/5/5186777.jpg",
    "price": 1.81,
    "quantity": 0.1,
    "unitPrice": 18.1
  },
  {
    "name": "Pariser",
    "url": "https://www.coles.com.au/product/don-pariser-approx.-100g-5186777",
    "img": "https://productimages.coles.com.au/productimages/5/5186777.jpg",
    "price": 1.81,
    "quantity": 0.1,
    "unitPrice": 18.1
  },
  {
    "name": "Sweet & Sour Sauce",
    "url": "https://www.coles.com.au/product/lee-kum-kee-sweet-&-sour-sauce-240g-5856010",
    "img": "https://productimages.coles.com.au/productimages/5/5856010.jpg",
    "price": 4.35,
    "quantity": 0.24,
    "unitPrice": 18.1
  },
  {
    "name": "Ice Cream KitKat Ice Cream Stick 4 pack",
    "url": "https://www.coles.com.au/product/nestle-ice-cream-kitkat-ice-cream-stick-4-pack-360ml-4233248",
    "img": "https://productimages.coles.com.au/productimages/4/4233248.jpg",
    "price": 6.5,
    "quantity": 0.36,
    "unitPrice": 18.1
  },
  {
    "name": "Frozen Prawn Gyoza",
    "url": "https://www.coles.com.au/product/kb-frozen-prawn-gyoza-750g-1548719",
    "img": "https://productimages.coles.com.au/productimages/1/1548719.jpg",
    "price": 13.6,
    "quantity": 0.75,
    "unitPrice": 18.1
  },
  {
    "name": "Frozen Vegetable Gyoza",
    "url": "https://www.coles.com.au/product/kb-frozen-vegetable-gyoza-750g-2815151",
    "img": "https://productimages.coles.com.au/productimages/2/2815151.jpg",
    "price": 13.6,
    "quantity": 0.75,
    "unitPrice": 18.1
  },
  {
    "name": "Frozen Prawn Hargow",
    "url": "https://www.coles.com.au/product/kb-frozen-prawn-hargow-750g-3051074",
    "img": "https://productimages.coles.com.au/productimages/3/3051074.jpg",
    "price": 13.6,
    "quantity": 0.75,
    "unitPrice": 18.1
  },
  {
    "name": "Gyoza Chicken",
    "url": "https://www.coles.com.au/product/kb-gyoza-chicken-750g-4405332",
    "img": "https://productimages.coles.com.au/productimages/4/4405332.jpg",
    "price": 13.6,
    "quantity": 0.75,
    "unitPrice": 18.1
  },
  {
    "name": "Gyoza Pork",
    "url": "https://www.coles.com.au/product/kb-gyoza-pork-750g-4406007",
    "img": "https://productimages.coles.com.au/productimages/4/4406007.jpg",
    "price": 13.6,
    "quantity": 0.75,
    "unitPrice": 18.1
  },
  {
    "name": "Pork Soup Dumpling",
    "url": "https://www.coles.com.au/product/kb's-pork-soup-dumpling-750g-6521673",
    "img": "https://productimages.coles.com.au/productimages/6/6521673.jpg",
    "price": 13.6,
    "quantity": 0.75,
    "unitPrice": 18.1
  },
  {
    "name": "Cocobella Protein Yoghurt Vanilla",
    "url": "https://www.woolworths.com.au/shop/productdetails/275782",
    "img": "https://cdn0.woolworths.media/content/wowproductimages/medium/275782.jpg",
    "price": 2.9,
    "quantity": 0.16,
    "unitPrice": 18.1
  },
  {
    "name": "Natural Nut Mix",
    "url": "https://www.coles.com.au/product/market-lane-natural-nut-mix-1100g-5615556",
    "img": "https://productimages.coles.com.au/productimages/5/5615556.jpg",
    "price": 20,
    "quantity": 1.1,
    "unitPrice": 18.18
  },
  {
    "name": "Mini Lemon Cheesecake",
    "url": "https://www.coles.com.au/product/greens-mini-lemon-cheesecake-275g-5554407",
    "img": "https://productimages.coles.com.au/productimages/5/5554407.jpg",
    "price": 5,
    "quantity": 0.275,
    "unitPrice": 18.2
  },
  {
    "name": "Mini Lemon Cheesecake",
    "url": "https://www.coles.com.au/product/greens-mini-lemon-cheesecake-275g-5554407",
    "img": "https://productimages.coles.com.au/productimages/5/5554407.jpg",
    "price": 5,
    "quantity": 0.275,
    "unitPrice": 18.2
  },
  {
    "name": "Easy Mac And Cheese Cheesy Chicken Pasta Macaroni Noodles",
    "url": "https://www.coles.com.au/product/kraft-easy-mac-and-cheese-cheesy-chicken-pasta-macaroni-noodles-280g-4770509",
    "img": "https://productimages.coles.com.au/productimages/4/4770509.jpg",
    "price": 5.1,
    "quantity": 0.28,
    "unitPrice": 18.2
  },
  {
    "name": "Easy Mac And Cheese Original Cheese Pasta Macaroni Noodles",
    "url": "https://www.coles.com.au/product/kraft-easy-mac-and-cheese-original-cheese-pasta-macaroni-noodles-280g-9789300",
    "img": "https://productimages.coles.com.au/productimages/9/9789300.jpg",
    "price": 5.1,
    "quantity": 0.28,
    "unitPrice": 18.2
  },
  {
    "name": "Beef Massaman Noodle Bowl",
    "url": "https://www.coles.com.au/product/suimin-origins-beef-massaman-noodle-bowl-137g-3302389",
    "img": "https://productimages.coles.com.au/productimages/3/3302389.jpg",
    "price": 2.5,
    "quantity": 0.137,
    "unitPrice": 18.2
  },
  {
    "name": "Bao Bun Meal Kit",
    "url": "https://www.coles.com.au/product/marion's-kitchen-bao-bun-meal-kit-340g-5368140",
    "img": "https://productimages.coles.com.au/productimages/5/5368140.jpg",
    "price": 6.2,
    "quantity": 0.34,
    "unitPrice": 18.2
  },
  {
    "name": "Ice Cream Classic Tub",
    "url": "https://www.coles.com.au/product/magnum-ice-cream-classic-tub-440ml-2976140",
    "img": "https://productimages.coles.com.au/productimages/2/2976140.jpg",
    "price": 8,
    "quantity": 0.44,
    "unitPrice": 18.2
  },
  {
    "name": "Ice Cream Luxe Salted Caramel Tub",
    "url": "https://www.coles.com.au/product/magnum-ice-cream-luxe-salted-caramel-tub-440ml-3713634",
    "img": "https://productimages.coles.com.au/productimages/3/3713634.jpg",
    "price": 8,
    "quantity": 0.44,
    "unitPrice": 18.2
  },
  {
    "name": "Ice Cream Luxe Gold Caramelised Chocolate Tub",
    "url": "https://www.coles.com.au/product/magnum-ice-cream-luxe-gold-caramelised-chocolate-tub-440ml-3955983",
    "img": "https://productimages.coles.com.au/productimages/3/3955983.jpg",
    "price": 8,
    "quantity": 0.44,
    "unitPrice": 18.2
  },
  {
    "name": "Ice Cream Sweet & Salty Almond",
    "url": "https://www.coles.com.au/product/magnum-ice-cream-sweet-&-salty-almond-440ml-5018660",
    "img": "https://productimages.coles.com.au/productimages/5/5018660.jpg",
    "price": 8,
    "quantity": 0.44,
    "unitPrice": 18.2
  },
  {
    "name": "Cocobella Yoghurt Pouch Vanilla",
    "url": "https://www.woolworths.com.au/shop/productdetails/275021",
    "img": "https://cdn0.woolworths.media/content/wowproductimages/medium/275021.jpg",
    "price": 2,
    "quantity": 0.11,
    "unitPrice": 18.2
  },
  {
    "name": "Cocobella Yoghurt Pouch Strawberry",
    "url": "https://www.woolworths.com.au/shop/productdetails/277286",
    "img": "https://cdn0.woolworths.media/content/wowproductimages/medium/277286.jpg",
    "price": 2,
    "quantity": 0.11,
    "unitPrice": 18.2
  },
  {
    "name": "Cocobella Yoghurt Pouch Mango",
    "url": "https://www.woolworths.com.au/shop/productdetails/275660",
    "img": "https://cdn0.woolworths.media/content/wowproductimages/medium/275660.jpg",
    "price": 2,
    "quantity": 0.11,
    "unitPrice": 18.2
  },
  {
    "name": "Primo Sausages Polish Sliced",
    "url": "https://www.woolworths.com.au/shop/productdetails/77504",
    "img": "https://cdn0.woolworths.media/content/wowproductimages/medium/077504.jpg",
    "price": 18.2,
    "quantity": 1,
    "unitPrice": 18.2
  },
  {
    "name": "Arnott's Shapes Vegemite & Cheese Cracker Biscuits",
    "url": "https://www.woolworths.com.au/shop/productdetails/812783",
    "img": "https://cdn0.woolworths.media/content/wowproductimages/medium/812783.jpg",
    "price": 3,
    "quantity": 0.165,
    "unitPrice": 18.2
  },
  {
    "name": "Beechworth Bee Cause 100% Australian Bush Honey Jar",
    "url": "https://www.woolworths.com.au/shop/productdetails/238274",
    "img": "https://cdn0.woolworths.media/content/wowproductimages/medium/238274.jpg",
    "price": 10,
    "quantity": 0.55,
    "unitPrice": 18.2
  },
  {
    "name": "Kellogg's Special K High Fibre Breakfast Cereal",
    "url": "https://www.woolworths.com.au/shop/productdetails/187222",
    "img": "https://cdn0.woolworths.media/content/wowproductimages/medium/187222.jpg",
    "price": 7,
    "quantity": 0.385,
    "unitPrice": 18.2
  },
  {
    "name": "Simply Wize Crusty Bread Mix Gluten Free",
    "url": "https://www.woolworths.com.au/shop/productdetails/347332",
    "img": "https://cdn0.woolworths.media/content/wowproductimages/medium/347332.jpg",
    "price": 6,
    "quantity": 0.33,
    "unitPrice": 18.2
  },
  {
    "name": "Instant Mashed Onion Potato",
    "url": "https://www.coles.com.au/product/deb-instant-mashed-onion-potato-115g-132646",
    "img": "https://productimages.coles.com.au/productimages/1/132646.jpg",
    "price": 2.1,
    "quantity": 0.115,
    "unitPrice": 18.26
  },
  {
    "name": "Continental Instant Mashed Potato Deb Mash",
    "url": "https://www.woolworths.com.au/shop/productdetails/34119",
    "img": "https://cdn0.woolworths.media/content/wowproductimages/medium/034119.jpg",
    "price": 2.1,
    "quantity": 0.115,
    "unitPrice": 18.26
  },
  {
    "name": "Continental Instant Mashed Potato Deb Mash",
    "url": "https://www.woolworths.com.au/shop/productdetails/34119",
    "img": "https://cdn0.woolworths.media/content/wowproductimages/medium/034119.jpg",
    "price": 2.1,
    "quantity": 0.115,
    "unitPrice": 18.26
  },
  {
    "name": "World Kitchen Pork & Ginger Dumplings",
    "url": "https://www.aldi.com.au/en/groceries/limited-time-only/limited-time-only-detail/ps/p/world-kitchen-pork-ginger-dumplings-300g/",
    "img": "https://www.aldi.com.au/fileadmin/_processed_/7/0/csm_1000274-1_LTO_1x1__W34__228x128_3_RET_4f0da407d2.png",
    "price": 5.49,
    "quantity": 0.3,
    "unitPrice": 18.3
  },
  {
    "name": "World Kitchen Pork & Ginger Dumplings",
    "url": "https://www.aldi.com.au/en/groceries/limited-time-only/limited-time-only-detail/ps/p/world-kitchen-pork-ginger-dumplings-300g/",
    "img": "https://www.aldi.com.au/fileadmin/_processed_/7/0/csm_1000274-1_LTO_1x1__W34__228x128_3_RET_4f0da407d2.png",
    "price": 5.49,
    "quantity": 0.3,
    "unitPrice": 18.3
  },
  {
    "name": "Tennis Biscuits",
    "url": "https://www.coles.com.au/product/bakers-tennis-biscuits-200g-7065944",
    "img": "https://productimages.coles.com.au/productimages/7/7065944.jpg",
    "price": 3.65,
    "quantity": 0.2,
    "unitPrice": 18.3
  },
  {
    "name": "BBQ Coated Peanuts",
    "url": "https://www.coles.com.au/product/koh-kae-bbq-coated-peanuts-230g-3305671",
    "img": "https://productimages.coles.com.au/productimages/3/3305671.jpg",
    "price": 4.2,
    "quantity": 0.23,
    "unitPrice": 18.3
  },
  {
    "name": "Wasabi Flavour Mayonnaise",
    "url": "https://www.coles.com.au/product/kewpie-wasabi-flavour-mayonnaise-300g-2021500",
    "img": "https://productimages.coles.com.au/productimages/2/2021500.jpg",
    "price": 5.5,
    "quantity": 0.3,
    "unitPrice": 18.3
  },
  {
    "name": "Mayonnaise Sriracha",
    "url": "https://www.coles.com.au/product/kewpie-mayonnaise-sriracha-300g-3716009",
    "img": "https://productimages.coles.com.au/productimages/3/3716009.jpg",
    "price": 5.5,
    "quantity": 0.3,
    "unitPrice": 18.3
  },
  {
    "name": "Mayonnaise 50% Reduced Fat",
    "url": "https://www.coles.com.au/product/kewpie-mayonnaise-50%-reduced-fat-300g-3736957",
    "img": "https://productimages.coles.com.au/productimages/3/3736957.jpg",
    "price": 5.5,
    "quantity": 0.3,
    "unitPrice": 18.3
  },
  {
    "name": "Mayonnaise Yuzu Flavour",
    "url": "https://www.coles.com.au/product/kewpie-mayonnaise-yuzu-flavour-300g-3736979",
    "img": "https://productimages.coles.com.au/productimages/3/3736979.jpg",
    "price": 5.5,
    "quantity": 0.3,
    "unitPrice": 18.3
  },
  {
    "name": "Mayonnaise",
    "url": "https://www.coles.com.au/product/kewpie-mayonnaise-300g-4604984",
    "img": "https://productimages.coles.com.au/productimages/4/4604984.jpg",
    "price": 5.5,
    "quantity": 0.3,
    "unitPrice": 18.3
  },
  {
    "name": "Napolitanke Wafers Hazelnut",
    "url": "https://www.coles.com.au/product/kras-napolitanke-wafers-hazelnut-327g-6841222",
    "img": "https://productimages.coles.com.au/productimages/6/6841222.jpg",
    "price": 6,
    "quantity": 0.327,
    "unitPrice": 18.3
  },
  {
    "name": "Vegetable Samosas 10 Pack",
    "url": "https://www.coles.com.au/product/coles-vegetable-samosas-10-pack-300g-2482081",
    "img": "https://productimages.coles.com.au/productimages/2/2482081.jpg",
    "price": 5.5,
    "quantity": 0.3,
    "unitPrice": 18.3
  },
  {
    "name": "Corn Fritters 10 Pack",
    "url": "https://www.coles.com.au/product/coles-corn-fritters-10-pack-300g-3051154",
    "img": "https://productimages.coles.com.au/productimages/3/3051154.jpg",
    "price": 5.5,
    "quantity": 0.3,
    "unitPrice": 18.3
  },
  {
    "name": "Rustica Thin & Crispy Margherita",
    "url": "https://www.coles.com.au/product/mccain-rustica-thin-&-crispy-margherita-360g-6839560",
    "img": "https://productimages.coles.com.au/productimages/6/6839560.jpg",
    "price": 6.6,
    "quantity": 0.36,
    "unitPrice": 18.3
  },
  {
    "name": "Yogo Choc Flavoured Custard Pouch",
    "url": "https://www.woolworths.com.au/shop/productdetails/168072",
    "img": "https://cdn0.woolworths.media/content/wowproductimages/medium/168072.jpg",
    "price": 2.2,
    "quantity": 0.12,
    "unitPrice": 18.3
  },
  {
    "name": "Promite Promite Spread",
    "url": "https://www.woolworths.com.au/shop/productdetails/38930",
    "img": "https://cdn0.woolworths.media/content/wowproductimages/medium/038930.jpg",
    "price": 5.3,
    "quantity": 0.29,
    "unitPrice": 18.3
  },
  {
    "name": "Mix-A-Mato Grape Tomatoes",
    "url": "https://www.coles.com.au/product/coles-mix-a-mato-grape-tomatoes-300g-3835890",
    "img": "https://productimages.coles.com.au/productimages/3/3835890.jpg",
    "price": 5.5,
    "quantity": 0.3,
    "unitPrice": 18.33
  },
  {
    "name": "Poppy Seeds",
    "url": "https://www.coles.com.au/product/coles-poppy-seeds-150g-3834275",
    "img": "https://productimages.coles.com.au/productimages/3/3834275.jpg",
    "price": 2.75,
    "quantity": 0.15,
    "unitPrice": 18.33
  },
  {
    "name": "Organic Apricots",
    "url": "https://www.coles.com.au/product/coles-organic-apricots-300g-4448732",
    "img": "https://productimages.coles.com.au/productimages/4/4448732.jpg",
    "price": 5.5,
    "quantity": 0.3,
    "unitPrice": 18.33
  },
  {
    "name": "Australian Currants",
    "url": "https://www.coles.com.au/product/sunbeam-australian-currants-300g-8047846",
    "img": "https://productimages.coles.com.au/productimages/8/8047846.jpg",
    "price": 5.5,
    "quantity": 0.3,
    "unitPrice": 18.33
  },
  {
    "name": "Poppy Seeds",
    "url": "https://www.coles.com.au/product/coles-poppy-seeds-150g-3834275",
    "img": "https://productimages.coles.com.au/productimages/3/3834275.jpg",
    "price": 2.75,
    "quantity": 0.15,
    "unitPrice": 18.33
  },
  {
    "name": "Organic Apricots",
    "url": "https://www.coles.com.au/product/coles-organic-apricots-300g-4448732",
    "img": "https://productimages.coles.com.au/productimages/4/4448732.jpg",
    "price": 5.5,
    "quantity": 0.3,
    "unitPrice": 18.33
  },
  {
    "name": "Australian Currants",
    "url": "https://www.coles.com.au/product/sunbeam-australian-currants-300g-8047846",
    "img": "https://productimages.coles.com.au/productimages/8/8047846.jpg",
    "price": 5.5,
    "quantity": 0.3,
    "unitPrice": 18.33
  },
  {
    "name": "Beef With Brisket Burger",
    "url": "https://www.coles.com.au/product/coles-finest-beef-with-brisket-burger-600g-3034235",
    "img": "https://productimages.coles.com.au/productimages/3/3034235.jpg",
    "price": 11,
    "quantity": 0.6,
    "unitPrice": 18.33
  },
  {
    "name": "Woolworths Baby Leaf Spinach",
    "url": "https://www.woolworths.com.au/shop/productdetails/524322",
    "img": "https://cdn0.woolworths.media/content/wowproductimages/medium/524322.jpg",
    "price": 2.2,
    "quantity": 0.12,
    "unitPrice": 18.33
  },
  {
    "name": "Woolworths Baby Spinach & Rocket",
    "url": "https://www.woolworths.com.au/shop/productdetails/705439",
    "img": "https://cdn0.woolworths.media/content/wowproductimages/medium/705439.jpg",
    "price": 2.2,
    "quantity": 0.12,
    "unitPrice": 18.33
  },
  {
    "name": "Sunbeam Australian Currants",
    "url": "https://www.woolworths.com.au/shop/productdetails/24258",
    "img": "https://cdn0.woolworths.media/content/wowproductimages/medium/024258.jpg",
    "price": 5.5,
    "quantity": 0.3,
    "unitPrice": 18.33
  },
  {
    "name": "Original Sesame Halva with Vanilla",
    "url": "https://www.coles.com.au/product/gaganis-original-sesame-halva-with-vanilla-250g-3084787",
    "img": "https://productimages.coles.com.au/productimages/3/3084787.jpg",
    "price": 4.6,
    "quantity": 0.25,
    "unitPrice": 18.4
  },
  {
    "name": "Original Sesame Halva With Cocoa",
    "url": "https://www.coles.com.au/product/gaganis-original-sesame-halva-with-cocoa-250g-3098249",
    "img": "https://productimages.coles.com.au/productimages/3/3098249.jpg",
    "price": 4.6,
    "quantity": 0.25,
    "unitPrice": 18.4
  },
  {
    "name": "Rice Family Cheesy",
    "url": "https://www.coles.com.au/product/continental-rice-family-cheesy-190g-4448051",
    "img": "https://productimages.coles.com.au/productimages/4/4448051.jpg",
    "price": 3.5,
    "quantity": 0.19,
    "unitPrice": 18.4
  },
  {
    "name": "Rice Chicken",
    "url": "https://www.coles.com.au/product/continental-rice-chicken-190g-8952326",
    "img": "https://productimages.coles.com.au/productimages/8/8952326.jpg",
    "price": 3.5,
    "quantity": 0.19,
    "unitPrice": 18.4
  },
  {
    "name": "Original Sesame Halva with Vanilla",
    "url": "https://www.coles.com.au/product/gaganis-original-sesame-halva-with-vanilla-250g-3084787",
    "img": "https://productimages.coles.com.au/productimages/3/3084787.jpg",
    "price": 4.6,
    "quantity": 0.25,
    "unitPrice": 18.4
  },
  {
    "name": "Original Sesame Halva With Cocoa",
    "url": "https://www.coles.com.au/product/gaganis-original-sesame-halva-with-cocoa-250g-3098249",
    "img": "https://productimages.coles.com.au/productimages/3/3098249.jpg",
    "price": 4.6,
    "quantity": 0.25,
    "unitPrice": 18.4
  },
  {
    "name": "Lemon Cream Biscuits",
    "url": "https://www.coles.com.au/product/bakers-lemon-cream-biscuits-190g-5605530",
    "img": "https://productimages.coles.com.au/productimages/5/5605530.jpg",
    "price": 3.5,
    "quantity": 0.19,
    "unitPrice": 18.4
  },
  {
    "name": "Cheese & Spinach Rolls",
    "url": "https://www.coles.com.au/product/herbert-adams-cheese-&-spinach-rolls-380g-4237770",
    "img": "https://productimages.coles.com.au/productimages/4/4237770.jpg",
    "price": 7,
    "quantity": 0.38,
    "unitPrice": 18.4
  },
  {
    "name": "Sara Lee White Chocolate Cheesecake",
    "url": "https://www.woolworths.com.au/shop/productdetails/629516",
    "img": "https://cdn0.woolworths.media/content/wowproductimages/medium/629516.jpg",
    "price": 14,
    "quantity": 0.76,
    "unitPrice": 18.4
  },
  {
    "name": "Sara Lee Baked Cheesecake Chocolate Ganache",
    "url": "https://www.woolworths.com.au/shop/productdetails/449000",
    "img": "https://cdn0.woolworths.media/content/wowproductimages/medium/449000.jpg",
    "price": 14,
    "quantity": 0.76,
    "unitPrice": 18.4
  },
  {
    "name": "Continental Classics Chicken Rice",
    "url": "https://www.woolworths.com.au/shop/productdetails/145951",
    "img": "https://cdn0.woolworths.media/content/wowproductimages/medium/145951.jpg",
    "price": 3.5,
    "quantity": 0.19,
    "unitPrice": 18.4
  },
  {
    "name": "Continental Classics Cheesy Rice Family Pack Serves 4",
    "url": "https://www.woolworths.com.au/shop/productdetails/691513",
    "img": "https://cdn0.woolworths.media/content/wowproductimages/medium/691513.jpg",
    "price": 3.5,
    "quantity": 0.19,
    "unitPrice": 18.4
  },
  {
    "name": "Kellogg's Crunchy Nut Corn Flakes Breakfast Cereal",
    "url": "https://www.woolworths.com.au/shop/productdetails/701751",
    "img": "https://cdn0.woolworths.media/content/wowproductimages/medium/701751.jpg",
    "price": 7,
    "quantity": 0.38,
    "unitPrice": 18.4
  },
  {
    "name": "Kellogg's Special K Forest Berries Cereal",
    "url": "https://www.woolworths.com.au/shop/productdetails/701750",
    "img": "https://cdn0.woolworths.media/content/wowproductimages/medium/701750.jpg",
    "price": 7,
    "quantity": 0.38,
    "unitPrice": 18.4
  },
  {
    "name": "Sliced Chicken Quad Pack",
    "url": "https://www.coles.com.au/product/thomson's-deli-sliced-chicken-quad-pack-320g-4381879",
    "img": "https://productimages.coles.com.au/productimages/4/4381879.jpg",
    "price": 5.9,
    "quantity": 0.32,
    "unitPrice": 18.44
  },
  {
    "name": "Mozzarella Balls",
    "url": "https://www.coles.com.au/product/la-casa-del-formaggio-mozzarella-balls-450g-8981379",
    "img": "https://productimages.coles.com.au/productimages/8/8981379.jpg",
    "price": 8.3,
    "quantity": 0.45,
    "unitPrice": 18.44
  },
  {
    "name": "Sliced Chicken Quad Pack",
    "url": "https://www.coles.com.au/product/thomson's-deli-sliced-chicken-quad-pack-320g-4381879",
    "img": "https://productimages.coles.com.au/productimages/4/4381879.jpg",
    "price": 5.9,
    "quantity": 0.32,
    "unitPrice": 18.44
  },
  {
    "name": "Mozzarella Balls",
    "url": "https://www.coles.com.au/product/la-casa-del-formaggio-mozzarella-balls-450g-8981379",
    "img": "https://productimages.coles.com.au/productimages/8/8981379.jpg",
    "price": 8.3,
    "quantity": 0.45,
    "unitPrice": 18.44
  },
  {
    "name": "Perfection Mix A Mato Mini Tomatoes",
    "url": "https://www.woolworths.com.au/shop/productdetails/61078",
    "img": "https://cdn0.woolworths.media/content/wowproductimages/medium/061078.jpg",
    "price": 5.9,
    "quantity": 0.32,
    "unitPrice": 18.44
  },
  {
    "name": "Gluten Free Baking Powder",
    "url": "https://www.coles.com.au/product/mckenzie's-gluten-free-baking-powder-300g-2777664",
    "img": "https://productimages.coles.com.au/productimages/2/2777664.jpg",
    "price": 5.55,
    "quantity": 0.3,
    "unitPrice": 18.5
  },
  {
    "name": "Gluten Free Baking Powder",
    "url": "https://www.coles.com.au/product/mckenzie's-gluten-free-baking-powder-300g-2777664",
    "img": "https://productimages.coles.com.au/productimages/2/2777664.jpg",
    "price": 5.55,
    "quantity": 0.3,
    "unitPrice": 18.5
  },
  {
    "name": "Classic Granulated Coffee",
    "url": "https://www.coles.com.au/product/coles-classic-granulated-coffee-200g-5892498",
    "img": "https://productimages.coles.com.au/productimages/5/5892498.jpg",
    "price": 3.7,
    "quantity": 0.2,
    "unitPrice": 18.5
  },
  {
    "name": "Classic Granulated Coffee",
    "url": "https://www.coles.com.au/product/coles-classic-granulated-coffee-200g-5892498",
    "img": "https://productimages.coles.com.au/productimages/5/5892498.jpg",
    "price": 3.7,
    "quantity": 0.2,
    "unitPrice": 18.5
  },
  {
    "name": "Vegan Mayonnaise",
    "url": "https://www.coles.com.au/product/hellmann's-vegan-mayonnaise-270g-5493619",
    "img": "https://productimages.coles.com.au/productimages/5/5493619.jpg",
    "price": 5,
    "quantity": 0.27,
    "unitPrice": 18.5
  },
  {
    "name": "Gluten Free Puff Pastry Sheets",
    "url": "https://www.coles.com.au/product/simply-wize-gluten-free-puff-pastry-sheets-540g-6616860",
    "img": "https://productimages.coles.com.au/productimages/6/6616860.jpg",
    "price": 10,
    "quantity": 0.54,
    "unitPrice": 18.5
  },
  {
    "name": "RSPCA Approved Free Range Thigh Small Pack",
    "url": "https://www.coles.com.au/product/coles-rspca-approved-free-range-thigh-small-pack-approx.-500g-6261233",
    "img": "https://productimages.coles.com.au/productimages/6/6261233.jpg",
    "price": 9.25,
    "quantity": 0.5,
    "unitPrice": 18.5
  },
  {
    "name": "Kook A Krumb Breadcrumbs Herb And Garlic",
    "url": "https://www.woolworths.com.au/shop/productdetails/181407",
    "img": "https://cdn0.woolworths.media/content/wowproductimages/medium/181407.jpg",
    "price": 3.7,
    "quantity": 0.2,
    "unitPrice": 18.5
  },
  {
    "name": "Buddee Chocolate Spread",
    "url": "https://www.woolworths.com.au/shop/productdetails/237565",
    "img": "https://cdn0.woolworths.media/content/wowproductimages/medium/237565.jpg",
    "price": 5,
    "quantity": 0.27,
    "unitPrice": 18.5
  },
  {
    "name": "Buddee Smooth Nut Free Spread",
    "url": "https://www.woolworths.com.au/shop/productdetails/238202",
    "img": "https://cdn0.woolworths.media/content/wowproductimages/medium/238202.jpg",
    "price": 5,
    "quantity": 0.27,
    "unitPrice": 18.5
  },
  {
    "name": "Uncle Tobys Oats Quick Sachets Original Porridge",
    "url": "https://www.woolworths.com.au/shop/productdetails/204987",
    "img": "https://cdn0.woolworths.media/content/wowproductimages/medium/204987.jpg",
    "price": 6.3,
    "quantity": 0.34,
    "unitPrice": 18.5
  },
  {
    "name": "Kellogg's Corn Flakes Gluten Free Breakfast Cereal",
    "url": "https://www.woolworths.com.au/shop/productdetails/428308",
    "img": "https://cdn0.woolworths.media/content/wowproductimages/medium/428308.jpg",
    "price": 5,
    "quantity": 0.27,
    "unitPrice": 18.5
  },
  {
    "name": "Freedom Classic Corn Flakes Cereal",
    "url": "https://www.woolworths.com.au/shop/productdetails/224366",
    "img": "https://cdn0.woolworths.media/content/wowproductimages/medium/224366.jpg",
    "price": 5,
    "quantity": 0.27,
    "unitPrice": 18.5
  },
  {
    "name": "Mckenzie's Baking Powder",
    "url": "https://www.woolworths.com.au/shop/productdetails/574616",
    "img": "https://cdn0.woolworths.media/content/wowproductimages/medium/574616.jpg",
    "price": 5.56,
    "quantity": 0.3,
    "unitPrice": 18.5
  },
  {
    "name": "Topper Savoury",
    "url": "https://www.coles.com.au/product/market-lane-topper-savoury-810g-5615716",
    "img": "https://productimages.coles.com.au/productimages/5/5615716.jpg",
    "price": 15,
    "quantity": 0.81,
    "unitPrice": 18.52
  },
  {
    "name": "Tomatoes Sundrd In Vegetable Oil",
    "url": "https://www.coles.com.au/product/sandhurst-tomatoes-sundrd-in-vegetable-oil-270g-5777897",
    "img": "https://productimages.coles.com.au/productimages/5/5777897.jpg",
    "price": 5,
    "quantity": 0.27,
    "unitPrice": 18.52
  },
  {
    "name": "Semi Sundried Tomatoes",
    "url": "https://www.coles.com.au/product/sandhurst-semi-sundried-tomatoes-270g-8507877",
    "img": "https://productimages.coles.com.au/productimages/8/8507877.jpg",
    "price": 5,
    "quantity": 0.27,
    "unitPrice": 18.52
  },
  {
    "name": "Kids Triangles Cheese",
    "url": "https://www.coles.com.au/product/coles-kids-triangles-cheese-140g-3418361",
    "img": "https://productimages.coles.com.au/productimages/3/3418361.jpg",
    "price": 2.6,
    "quantity": 0.14,
    "unitPrice": 18.57
  },
  {
    "name": "Dolmades Greek Style",
    "url": "https://www.coles.com.au/product/always-fresh-dolmades-greek-style-280g-9485099",
    "img": "https://productimages.coles.com.au/productimages/9/9485099.jpg",
    "price": 5.2,
    "quantity": 0.28,
    "unitPrice": 18.57
  },
  {
    "name": "Hoki Fillets",
    "url": "https://www.coles.com.au/product/coles-hoki-fillets-700g-2442167",
    "img": "https://productimages.coles.com.au/productimages/2/2442167.jpg",
    "price": 13,
    "quantity": 0.7,
    "unitPrice": 18.57
  },
  {
    "name": "Chick'N Chive Sausages",
    "url": "https://www.coles.com.au/product/unreal-co-chick'n-chive-sausages-350g-4209800",
    "img": "https://productimages.coles.com.au/productimages/4/4209800.jpg",
    "price": 6.5,
    "quantity": 0.35,
    "unitPrice": 18.57
  },
  {
    "name": "Organic Honey Soy Chicken Nibbles",
    "url": "https://www.coles.com.au/product/inglewood-organic-honey-soy-chicken-nibbles-350g-5747069",
    "img": "https://productimages.coles.com.au/productimages/5/5747069.jpg",
    "price": 6.5,
    "quantity": 0.35,
    "unitPrice": 18.57
  },
  {
    "name": "Parsnip Mini",
    "url": "https://www.woolworths.com.au/shop/productdetails/738337",
    "img": "https://cdn0.woolworths.media/content/wowproductimages/medium/738337.jpg",
    "price": 6.5,
    "quantity": 0.35,
    "unitPrice": 18.57
  },
  {
    "name": "Thick & Creamy Yoghurt Mango & Finger Lime",
    "url": "https://www.coles.com.au/product/dairy-farmers-thick-&-creamy-yoghurt-mango-&-finger-lime-140g-6601896",
    "img": "https://productimages.coles.com.au/productimages/6/6601896.jpg",
    "price": 2.6,
    "quantity": 0.14,
    "unitPrice": 18.6
  },
  {
    "name": "Thick & Creamy Yoghurt Strawberry & Wattleseed",
    "url": "https://www.coles.com.au/product/dairy-farmers-thick-&-creamy-yoghurt-strawberry-&-wattleseed-140g-6621281",
    "img": "https://productimages.coles.com.au/productimages/6/6621281.jpg",
    "price": 2.6,
    "quantity": 0.14,
    "unitPrice": 18.6
  },
  {
    "name": "Thick & Creamy Yoghurt Pineapple Passionfruit",
    "url": "https://www.coles.com.au/product/dairy-farmers-thick-&-creamy-yoghurt-pineapple-passionfruit-140g-6621394",
    "img": "https://productimages.coles.com.au/productimages/6/6621394.jpg",
    "price": 2.6,
    "quantity": 0.14,
    "unitPrice": 18.6
  },
  {
    "name": "Kitchen Scalloped Potato",
    "url": "https://www.coles.com.au/product/coles-kitchen-scalloped-potato-350g-3771142",
    "img": "https://productimages.coles.com.au/productimages/3/3771142.jpg",
    "price": 6.5,
    "quantity": 0.35,
    "unitPrice": 18.6
  },
  {
    "name": "Margherita Pizza",
    "url": "https://www.coles.com.au/product/coles-finest-margherita-pizza-350g-6205684",
    "img": "https://productimages.coles.com.au/productimages/6/6205684.jpg",
    "price": 6.5,
    "quantity": 0.35,
    "unitPrice": 18.6
  },
  {
    "name": "Gluten Free Hummous Dip",
    "url": "https://www.coles.com.au/product/pilpel-gluten-free-hummous-dip-350g-7411819",
    "img": "https://productimages.coles.com.au/productimages/7/7411819.jpg",
    "price": 6.5,
    "quantity": 0.35,
    "unitPrice": 18.6
  },
  {
    "name": "Tasty Light Cheese Slices 24 Pack",
    "url": "https://www.coles.com.au/product/coles-tasty-light-cheese-slices-24-pack-500g-5433027",
    "img": "https://productimages.coles.com.au/productimages/5/5433027.jpg",
    "price": 9.3,
    "quantity": 0.5,
    "unitPrice": 18.6
  },
  {
    "name": "Tasty Cheese Slices 24 Pack",
    "url": "https://www.coles.com.au/product/coles-tasty-cheese-slices-24-pack-500g-5433050",
    "img": "https://productimages.coles.com.au/productimages/5/5433050.jpg",
    "price": 9.3,
    "quantity": 0.5,
    "unitPrice": 18.6
  },
  {
    "name": "Apple & Cinnamon",
    "url": "https://www.coles.com.au/product/yog-'n'-oats-apple-&-cinnamon-180g-5193069",
    "img": "https://productimages.coles.com.au/productimages/5/5193069.jpg",
    "price": 3.35,
    "quantity": 0.18,
    "unitPrice": 18.6
  },
  {
    "name": "Glaze With Balsamic Vinegar Of Modena",
    "url": "https://www.coles.com.au/product/coles-glaze-with-balsamic-vinegar-of-modena-215ml-2724271",
    "img": "https://productimages.coles.com.au/productimages/2/2724271.jpg",
    "price": 4,
    "quantity": 0.215,
    "unitPrice": 18.6
  },
  {
    "name": "Seriously Good Original Mayonnaise",
    "url": "https://www.coles.com.au/product/heinz-seriously-good-original-mayonnaise-295ml-2060251",
    "img": "https://productimages.coles.com.au/productimages/2/2060251.jpg",
    "price": 5.5,
    "quantity": 0.295,
    "unitPrice": 18.6
  },
  {
    "name": "Seriously Good Garlic Aioli Mayonnaise",
    "url": "https://www.coles.com.au/product/heinz-seriously-good-garlic-aioli-mayonnaise-295ml-2060262",
    "img": "https://productimages.coles.com.au/productimages/2/2060262.jpg",
    "price": 5.5,
    "quantity": 0.295,
    "unitPrice": 18.6
  },
  {
    "name": "Seriously Good Spicy Peri Peri Mayonnaise Mayo",
    "url": "https://www.coles.com.au/product/heinz-seriously-good-spicy-peri-peri-mayonnaise-mayo-295ml-2777879",
    "img": "https://productimages.coles.com.au/productimages/2/2777879.jpg",
    "price": 5.5,
    "quantity": 0.295,
    "unitPrice": 18.6
  },
  {
    "name": "Seriously Good Garlic Lovers Aioli Mayonniase",
    "url": "https://www.coles.com.au/product/heinz-seriously-good-garlic-lovers-aioli-mayonniase-295ml-3076053",
    "img": "https://productimages.coles.com.au/productimages/3/3076053.jpg",
    "price": 5.5,
    "quantity": 0.295,
    "unitPrice": 18.6
  },
  {
    "name": "Seriously Good Creamy Tartare Sauce For Seafood",
    "url": "https://www.coles.com.au/product/heinz-seriously-good-creamy-tartare-sauce-for-seafood-295ml-3224059",
    "img": "https://productimages.coles.com.au/productimages/3/3224059.jpg",
    "price": 5.5,
    "quantity": 0.295,
    "unitPrice": 18.6
  },
  {
    "name": "Golden Wok Pork Gyoza",
    "url": "https://www.coles.com.au/product/grandma's-golden-wok-pork-gyoza-800g-3842772",
    "img": "https://productimages.coles.com.au/productimages/3/3842772.jpg",
    "price": 14.85,
    "quantity": 0.8,
    "unitPrice": 18.6
  },
  {
    "name": "Golden Wok Vegetable Gyoza",
    "url": "https://www.coles.com.au/product/grandma's-golden-wok-vegetable-gyoza-800g-3842819",
    "img": "https://productimages.coles.com.au/productimages/3/3842819.jpg",
    "price": 14.85,
    "quantity": 0.8,
    "unitPrice": 18.6
  },
  {
    "name": "Golden Wok Chicken Gyoza",
    "url": "https://www.coles.com.au/product/grandma's-golden-wok-chicken-gyoza-800g-3842885",
    "img": "https://productimages.coles.com.au/productimages/3/3842885.jpg",
    "price": 14.85,
    "quantity": 0.8,
    "unitPrice": 18.6
  },
  {
    "name": "Golden Wok Gyozas Prawn",
    "url": "https://www.coles.com.au/product/grandmas-golden-wok-gyozas-prawn-800g-4406572",
    "img": "https://productimages.coles.com.au/productimages/4/4406572.jpg",
    "price": 14.85,
    "quantity": 0.8,
    "unitPrice": 18.6
  },
  {
    "name": "Gluten Free Lasagna Bolognese",
    "url": "https://www.coles.com.au/product/tutto-pasta-gluten-free-lasagna-bolognese-350g-3218180",
    "img": "https://productimages.coles.com.au/productimages/3/3218180.jpg",
    "price": 6.5,
    "quantity": 0.35,
    "unitPrice": 18.6
  },
  {
    "name": "Frozen Bake At Home Butter Croissants 6 Pack",
    "url": "https://www.coles.com.au/product/coles-frozen-bake-at-home-butter-croissants-6-pack-360g-3918976",
    "img": "https://productimages.coles.com.au/productimages/3/3918976.jpg",
    "price": 6.7,
    "quantity": 0.36,
    "unitPrice": 18.6
  },
  {
    "name": "Woolworths Vinegar Balsamic Glaze",
    "url": "https://www.woolworths.com.au/shop/productdetails/257305",
    "img": "https://cdn0.woolworths.media/content/wowproductimages/medium/257305.jpg",
    "price": 4,
    "quantity": 0.215,
    "unitPrice": 18.6
  },
  {
    "name": "Macro Organic Quinoa Flakes",
    "url": "https://www.woolworths.com.au/shop/productdetails/706627",
    "img": "https://cdn0.woolworths.media/content/wowproductimages/medium/706627.jpg",
    "price": 6.5,
    "quantity": 0.35,
    "unitPrice": 18.6
  },
  {
    "name": "Kellogg's All-bran High Fibre Breakfast Cereal",
    "url": "https://www.woolworths.com.au/shop/productdetails/171265",
    "img": "https://cdn0.woolworths.media/content/wowproductimages/medium/171265.jpg",
    "price": 6.5,
    "quantity": 0.35,
    "unitPrice": 18.6
  },
  {
    "name": "Heinz Seriously Good Creamy Tartare Sauce",
    "url": "https://www.woolworths.com.au/shop/productdetails/710986",
    "img": "https://cdn0.woolworths.media/content/wowproductimages/medium/710986.jpg",
    "price": 5.5,
    "quantity": 0.295,
    "unitPrice": 18.6
  },
  {
    "name": "Ayam Mongolian Lamb Sauce",
    "url": "https://www.woolworths.com.au/shop/productdetails/790572",
    "img": "https://cdn0.woolworths.media/content/wowproductimages/medium/790572.jpg",
    "price": 3.9,
    "quantity": 0.21,
    "unitPrice": 18.6
  },
  {
    "name": "Well & Good Caramel Slice",
    "url": "https://www.woolworths.com.au/shop/productdetails/278260",
    "img": "https://cdn0.woolworths.media/content/wowproductimages/medium/278260.jpg",
    "price": 5.85,
    "quantity": 0.315,
    "unitPrice": 18.6
  },
  {
    "name": "Collezione Oro Prosecco DOC Rosé",
    "url": "https://www.aldi.com.au/en/groceries/limited-time-only/limited-time-only-detail/ps/p/collezione-oro-prosecco-doc-ros-750ml/",
    "img": "https://www.aldi.com.au/fileadmin/_processed_/e/d/csm_705823_DE_Q_01_1x1_f19553ed1e.png",
    "price": 13.99,
    "quantity": 0.75,
    "unitPrice": 18.65
  },
  {
    "name": "Collezione Oro Prosecco DOC Rosé",
    "url": "https://www.aldi.com.au/en/groceries/limited-time-only/limited-time-only-detail/ps/p/collezione-oro-prosecco-doc-ros-750ml/",
    "img": "https://www.aldi.com.au/fileadmin/_processed_/e/d/csm_705823_DE_Q_01_1x1_f19553ed1e.png",
    "price": 13.99,
    "quantity": 0.75,
    "unitPrice": 18.65
  },
  {
    "name": "Deli Leg Ham From The Deli",
    "url": "https://www.coles.com.au/product/don-deli-leg-ham-from-the-deli-approx.-100g-2421280",
    "img": "https://productimages.coles.com.au/productimages/2/2421280.jpg",
    "price": 1.86,
    "quantity": 0.1,
    "unitPrice": 18.65
  },
  {
    "name": "Deli Leg Ham From The Deli",
    "url": "https://www.coles.com.au/product/don-deli-leg-ham-from-the-deli-approx.-100g-2421280",
    "img": "https://productimages.coles.com.au/productimages/2/2421280.jpg",
    "price": 1.86,
    "quantity": 0.1,
    "unitPrice": 18.65
  },
  {
    "name": "Shredded Ham Twin Pack",
    "url": "https://www.coles.com.au/product/primo-shredded-ham-twin-pack-300g-8146087",
    "img": "https://productimages.coles.com.au/productimages/8/8146087.jpg",
    "price": 5.6,
    "quantity": 0.3,
    "unitPrice": 18.67
  },
  {
    "name": "Tasty Cheese Slices",
    "url": "https://www.coles.com.au/product/cheer-tasty-cheese-slices-750g-3274750",
    "img": "https://productimages.coles.com.au/productimages/3/3274750.jpg",
    "price": 14,
    "quantity": 0.75,
    "unitPrice": 18.67
  },
  {
    "name": "Cheese Slices Light & Tasty",
    "url": "https://www.coles.com.au/product/cheer-cheese-slices-light-&-tasty-750g-5420590",
    "img": "https://productimages.coles.com.au/productimages/5/5420590.jpg",
    "price": 14,
    "quantity": 0.75,
    "unitPrice": 18.67
  },
  {
    "name": "Cheese Slices Colby",
    "url": "https://www.coles.com.au/product/cheer-cheese-slices-colby-750g-6800134",
    "img": "https://productimages.coles.com.au/productimages/6/6800134.jpg",
    "price": 14,
    "quantity": 0.75,
    "unitPrice": 18.67
  },
  {
    "name": "Shredded Ham Twin Pack",
    "url": "https://www.coles.com.au/product/primo-shredded-ham-twin-pack-300g-8146087",
    "img": "https://productimages.coles.com.au/productimages/8/8146087.jpg",
    "price": 5.6,
    "quantity": 0.3,
    "unitPrice": 18.67
  },
  {
    "name": "Yellow Curry Paste",
    "url": "https://www.coles.com.au/product/valcom-yellow-curry-paste-230g-6803020",
    "img": "https://productimages.coles.com.au/productimages/6/6803020.jpg",
    "price": 4.3,
    "quantity": 0.23,
    "unitPrice": 18.7
  },
  {
    "name": "Wasabi Coated Peanuts",
    "url": "https://www.coles.com.au/product/koh-kae-wasabi-coated-peanuts-240g-7651619",
    "img": "https://productimages.coles.com.au/productimages/7/7651619.jpg",
    "price": 4.3,
    "quantity": 0.24,
    "unitPrice": 18.7
  },
  {
    "name": "Laksa Curry Paste",
    "url": "https://www.coles.com.au/product/valcom-laksa-curry-paste-230g-9434531",
    "img": "https://productimages.coles.com.au/productimages/9/9434531.jpg",
    "price": 4.3,
    "quantity": 0.23,
    "unitPrice": 18.7
  },
  {
    "name": "Latina Fresh Beef Ravioli Pasta",
    "url": "https://www.woolworths.com.au/shop/productdetails/10634",
    "img": "https://cdn0.woolworths.media/content/wowproductimages/medium/010634.jpg",
    "price": 7,
    "quantity": 0.375,
    "unitPrice": 18.7
  },
  {
    "name": "Latina Fresh Spinach & Ricotta Agnolotti",
    "url": "https://www.woolworths.com.au/shop/productdetails/42092",
    "img": "https://cdn0.woolworths.media/content/wowproductimages/medium/042092.jpg",
    "price": 7,
    "quantity": 0.375,
    "unitPrice": 18.7
  },
  {
    "name": "Kellogg's Coco Pops Chocolatey Breakfast Cereal",
    "url": "https://www.woolworths.com.au/shop/productdetails/701705",
    "img": "https://cdn0.woolworths.media/content/wowproductimages/medium/701705.jpg",
    "price": 7,
    "quantity": 0.375,
    "unitPrice": 18.7
  },
  {
    "name": "Byron Honey Raw And Natural",
    "url": "https://www.woolworths.com.au/shop/productdetails/231686",
    "img": "https://cdn0.woolworths.media/content/wowproductimages/medium/231686.jpg",
    "price": 9.35,
    "quantity": 0.5,
    "unitPrice": 18.7
  },
  {
    "name": "Flying Goose Sriracha Mayo",
    "url": "https://www.woolworths.com.au/shop/productdetails/763735",
    "img": "https://cdn0.woolworths.media/content/wowproductimages/medium/763735.jpg",
    "price": 8.5,
    "quantity": 0.455,
    "unitPrice": 18.7
  },
  {
    "name": "Dr. Oetker Ready Rolled Icing White",
    "url": "https://www.woolworths.com.au/shop/productdetails/448630",
    "img": "https://cdn0.woolworths.media/content/wowproductimages/medium/448630.jpg",
    "price": 8.4,
    "quantity": 0.45,
    "unitPrice": 18.7
  },
  {
    "name": "Freedom Farms RSPCA Approved Chicken Marinated Breast Fillet Steaks",
    "url": "https://www.aldi.com.au/en/groceries/super-savers/super-savers-detail/ps/p/freedom-farms-rspca-approved-chicken-marinated-bre/",
    "img": "https://www.aldi.com.au/fileadmin/_processed_/3/e/csm_4223_SSV_MEAT_1x1_3_RET_6fcc20b99b.png",
    "price": 7.49,
    "quantity": 0.4,
    "unitPrice": 18.73
  },
  {
    "name": "Organic Cheddar Block",
    "url": "https://www.coles.com.au/product/the-organic-milk-co-organic-cheddar-block-400g-4380854",
    "img": "https://productimages.coles.com.au/productimages/4/4380854.jpg",
    "price": 7.5,
    "quantity": 0.4,
    "unitPrice": 18.75
  },
  {
    "name": "Organic Cheddar Block",
    "url": "https://www.coles.com.au/product/the-organic-milk-co-organic-cheddar-block-400g-4380854",
    "img": "https://productimages.coles.com.au/productimages/4/4380854.jpg",
    "price": 7.5,
    "quantity": 0.4,
    "unitPrice": 18.75
  },
  {
    "name": "Hoki Bites Classic Crumb",
    "url": "https://www.coles.com.au/product/sealord-hoki-bites-classic-crumb-400g-4506806",
    "img": "https://productimages.coles.com.au/productimages/4/4506806.jpg",
    "price": 7.5,
    "quantity": 0.4,
    "unitPrice": 18.75
  },
  {
    "name": "Mince Plant Based",
    "url": "https://www.coles.com.au/product/v2-mince-plant-based-400g-5708238",
    "img": "https://productimages.coles.com.au/productimages/5/5708238.jpg",
    "price": 7.5,
    "quantity": 0.4,
    "unitPrice": 18.75
  },
  {
    "name": "Woolworths Tuna Mayo & Corn With Crackers",
    "url": "https://www.woolworths.com.au/shop/productdetails/672828",
    "img": "https://cdn0.woolworths.media/content/wowproductimages/medium/672828.jpg",
    "price": 2.1,
    "quantity": 0.112,
    "unitPrice": 18.75
  },
  {
    "name": "Woolworths Tuna & Crackers Snack Pack Thousand Island",
    "url": "https://www.woolworths.com.au/shop/productdetails/87017",
    "img": "https://cdn0.woolworths.media/content/wowproductimages/medium/087017.jpg",
    "price": 2.1,
    "quantity": 0.112,
    "unitPrice": 18.75
  },
  {
    "name": "Woolworths Tuna Sweet Chilli With Crackers",
    "url": "https://www.woolworths.com.au/shop/productdetails/672826",
    "img": "https://cdn0.woolworths.media/content/wowproductimages/medium/672826.jpg",
    "price": 2.1,
    "quantity": 0.112,
    "unitPrice": 18.75
  },
  {
    "name": "Woolworths Tuna & Crackers Snack Pack Tomato & Spinach",
    "url": "https://www.woolworths.com.au/shop/productdetails/87014",
    "img": "https://cdn0.woolworths.media/content/wowproductimages/medium/087014.jpg",
    "price": 2.1,
    "quantity": 0.112,
    "unitPrice": 18.75
  },
  {
    "name": "Safcol Tuna Pouch Lentils & Black Rice",
    "url": "https://www.woolworths.com.au/shop/productdetails/63966",
    "img": "https://cdn0.woolworths.media/content/wowproductimages/medium/063966.jpg",
    "price": 3,
    "quantity": 0.16,
    "unitPrice": 18.75
  },
  {
    "name": "Safcol Tuna Pouch Red Beans & Quinoa",
    "url": "https://www.woolworths.com.au/shop/productdetails/63967",
    "img": "https://cdn0.woolworths.media/content/wowproductimages/medium/063967.jpg",
    "price": 3,
    "quantity": 0.16,
    "unitPrice": 18.75
  },
  {
    "name": "Woolworths Chicken Meatballs",
    "url": "https://www.woolworths.com.au/shop/productdetails/188922",
    "img": "https://cdn0.woolworths.media/content/wowproductimages/medium/188922.jpg",
    "price": 7.5,
    "quantity": 0.4,
    "unitPrice": 18.75
  },
  {
    "name": "Steggles Crumbed Chicken Alphabites",
    "url": "https://www.woolworths.com.au/shop/productdetails/290235",
    "img": "https://cdn0.woolworths.media/content/wowproductimages/medium/290235.jpg",
    "price": 7.5,
    "quantity": 0.4,
    "unitPrice": 18.75
  },
  {
    "name": "Toffee & Honeycomb Twist Yoghurt",
    "url": "https://www.coles.com.au/product/gippsland-dairy-toffee-&-honeycomb-twist-yoghurt-160g-1436420",
    "img": "https://productimages.coles.com.au/productimages/1/1436420.jpg",
    "price": 3,
    "quantity": 0.16,
    "unitPrice": 18.8
  },
  {
    "name": "Watermelon & Strawberry Twist Yoghurt",
    "url": "https://www.coles.com.au/product/gippsland-dairy-watermelon-&-strawberry-twist-yoghurt-160g-1436431",
    "img": "https://productimages.coles.com.au/productimages/1/1436431.jpg",
    "price": 3,
    "quantity": 0.16,
    "unitPrice": 18.8
  },
  {
    "name": "Boysenberry Twist Yoghurt",
    "url": "https://www.coles.com.au/product/gippsland-dairy-boysenberry-twist-yoghurt-160g-2745395",
    "img": "https://productimages.coles.com.au/productimages/2/2745395.jpg",
    "price": 3,
    "quantity": 0.16,
    "unitPrice": 18.8
  },
  {
    "name": "YoPro Strawberry Yoghurt",
    "url": "https://www.coles.com.au/product/danone-yopro-strawberry-yoghurt-160g-2991880",
    "img": "https://productimages.coles.com.au/productimages/2/2991880.jpg",
    "price": 3,
    "quantity": 0.16,
    "unitPrice": 18.8
  },
  {
    "name": "YoPro Vanilla Yoghurt",
    "url": "https://www.coles.com.au/product/danone-yopro-vanilla-yoghurt-160g-2991948",
    "img": "https://productimages.coles.com.au/productimages/2/2991948.jpg",
    "price": 3,
    "quantity": 0.16,
    "unitPrice": 18.8
  },
  {
    "name": "YoPro Passionfruit Yoghurt",
    "url": "https://www.coles.com.au/product/danone-yopro-passionfruit-yoghurt-160g-3025041",
    "img": "https://productimages.coles.com.au/productimages/3/3025041.jpg",
    "price": 3,
    "quantity": 0.16,
    "unitPrice": 18.8
  },
  {
    "name": "Yopro Mango Yoghurt",
    "url": "https://www.coles.com.au/product/danone-yopro-mango-yoghurt-160g-3246856",
    "img": "https://productimages.coles.com.au/productimages/3/3246856.jpg",
    "price": 3,
    "quantity": 0.16,
    "unitPrice": 18.8
  },
  {
    "name": "Yopro Banana Yoghurt",
    "url": "https://www.coles.com.au/product/danone-yopro-banana-yoghurt-160g-3246889",
    "img": "https://productimages.coles.com.au/productimages/3/3246889.jpg",
    "price": 3,
    "quantity": 0.16,
    "unitPrice": 18.8
  },
  {
    "name": "Twist Yoghurt Limited Edition",
    "url": "https://www.coles.com.au/product/gippsland-dairy-twist-yoghurt-limited-edition-160g-3477815",
    "img": "https://productimages.coles.com.au/productimages/3/3477815.jpg",
    "price": 3,
    "quantity": 0.16,
    "unitPrice": 18.8
  },
  {
    "name": "Yopro Salted Caramel Flavoured Yoghurt",
    "url": "https://www.coles.com.au/product/danone-yopro-salted-caramel-flavoured-yoghurt-160g-3532298",
    "img": "https://productimages.coles.com.au/productimages/3/3532298.jpg",
    "price": 3,
    "quantity": 0.16,
    "unitPrice": 18.8
  },
  {
    "name": "Yogurt Mixed Berry",
    "url": "https://www.coles.com.au/product/gippsland-dairy-yogurt-mixed-berry-160g-5937632",
    "img": "https://productimages.coles.com.au/productimages/5/5937632.jpg",
    "price": 3,
    "quantity": 0.16,
    "unitPrice": 18.8
  },
  {
    "name": "Blueberry Twist Yoghurt",
    "url": "https://www.coles.com.au/product/gippsland-dairy-blueberry-twist-yoghurt-160g-9907917",
    "img": "https://productimages.coles.com.au/productimages/9/9907917.jpg",
    "price": 3,
    "quantity": 0.16,
    "unitPrice": 18.8
  },
  {
    "name": "Mango & Blood Orange Twist Yoghurt",
    "url": "https://www.coles.com.au/product/gippsland-dairy-mango-&-blood-orange-twist-yoghurt-160g-9907940",
    "img": "https://productimages.coles.com.au/productimages/9/9907940.jpg",
    "price": 3,
    "quantity": 0.16,
    "unitPrice": 18.8
  },
  {
    "name": "Passionfruit Twist Yoghurt",
    "url": "https://www.coles.com.au/product/gippsland-dairy-passionfruit-twist-yoghurt-160g-9907994",
    "img": "https://productimages.coles.com.au/productimages/9/9907994.jpg",
    "price": 3,
    "quantity": 0.16,
    "unitPrice": 18.8
  },
  {
    "name": "Plant Based Savoury Mince",
    "url": "https://www.coles.com.au/product/vegie-delights-plant-based-savoury-mince-400g-2599147",
    "img": "https://productimages.coles.com.au/productimages/2/2599147.jpg",
    "price": 7.5,
    "quantity": 0.4,
    "unitPrice": 18.8
  },
  {
    "name": "Spreadable Slightly Salted",
    "url": "https://www.coles.com.au/product/lurpak-spreadable-slightly-salted-400g-5376659",
    "img": "https://productimages.coles.com.au/productimages/5/5376659.jpg",
    "price": 7.5,
    "quantity": 0.4,
    "unitPrice": 18.8
  },
  {
    "name": "Twist Yoghurt Limited Edition",
    "url": "https://www.coles.com.au/product/gippsland-dairy-twist-yoghurt-limited-edition-160g-3477815",
    "img": "https://productimages.coles.com.au/productimages/3/3477815.jpg",
    "price": 3,
    "quantity": 0.16,
    "unitPrice": 18.8
  },
  {
    "name": "Yopro Salted Caramel Flavoured Yoghurt",
    "url": "https://www.coles.com.au/product/danone-yopro-salted-caramel-flavoured-yoghurt-160g-3532298",
    "img": "https://productimages.coles.com.au/productimages/3/3532298.jpg",
    "price": 3,
    "quantity": 0.16,
    "unitPrice": 18.8
  },
  {
    "name": "Yogurt Mixed Berry",
    "url": "https://www.coles.com.au/product/gippsland-dairy-yogurt-mixed-berry-160g-5937632",
    "img": "https://productimages.coles.com.au/productimages/5/5937632.jpg",
    "price": 3,
    "quantity": 0.16,
    "unitPrice": 18.8
  },
  {
    "name": "Blueberry Twist Yoghurt",
    "url": "https://www.coles.com.au/product/gippsland-dairy-blueberry-twist-yoghurt-160g-9907917",
    "img": "https://productimages.coles.com.au/productimages/9/9907917.jpg",
    "price": 3,
    "quantity": 0.16,
    "unitPrice": 18.8
  },
  {
    "name": "Mango & Blood Orange Twist Yoghurt",
    "url": "https://www.coles.com.au/product/gippsland-dairy-mango-&-blood-orange-twist-yoghurt-160g-9907940",
    "img": "https://productimages.coles.com.au/productimages/9/9907940.jpg",
    "price": 3,
    "quantity": 0.16,
    "unitPrice": 18.8
  },
  {
    "name": "Passionfruit Twist Yoghurt",
    "url": "https://www.coles.com.au/product/gippsland-dairy-passionfruit-twist-yoghurt-160g-9907994",
    "img": "https://productimages.coles.com.au/productimages/9/9907994.jpg",
    "price": 3,
    "quantity": 0.16,
    "unitPrice": 18.8
  },
  {
    "name": "Plant Based Savoury Mince",
    "url": "https://www.coles.com.au/product/vegie-delights-plant-based-savoury-mince-400g-2599147",
    "img": "https://productimages.coles.com.au/productimages/2/2599147.jpg",
    "price": 7.5,
    "quantity": 0.4,
    "unitPrice": 18.8
  },
  {
    "name": "Spreadable Slightly Salted",
    "url": "https://www.coles.com.au/product/lurpak-spreadable-slightly-salted-400g-5376659",
    "img": "https://productimages.coles.com.au/productimages/5/5376659.jpg",
    "price": 7.5,
    "quantity": 0.4,
    "unitPrice": 18.8
  },
  {
    "name": "Unbelievably Good Chocolate Chip Mix",
    "url": "https://www.coles.com.au/product/white-wings-unbelievably-good-chocolate-chip-mix-320g-5497530",
    "img": "https://productimages.coles.com.au/productimages/5/5497530.jpg",
    "price": 6,
    "quantity": 0.32,
    "unitPrice": 18.8
  },
  {
    "name": "Unbelievably Good Chocolate Chip Mix",
    "url": "https://www.coles.com.au/product/white-wings-unbelievably-good-chocolate-chip-mix-320g-5497530",
    "img": "https://productimages.coles.com.au/productimages/5/5497530.jpg",
    "price": 6,
    "quantity": 0.32,
    "unitPrice": 18.8
  },
  {
    "name": "Tortilla Wholegrain Fajita",
    "url": "https://www.coles.com.au/product/old-el-paso-tortilla-wholegrain-fajita-240g-5361731",
    "img": "https://productimages.coles.com.au/productimages/5/5361731.jpg",
    "price": 4.5,
    "quantity": 0.24,
    "unitPrice": 18.8
  },
  {
    "name": "Regular Tortillas Fajita 6 Pack",
    "url": "https://www.coles.com.au/product/old-el-paso-regular-tortillas-fajita-6-pack-240g-7395392",
    "img": "https://productimages.coles.com.au/productimages/7/7395392.jpg",
    "price": 4.5,
    "quantity": 0.24,
    "unitPrice": 18.8
  },
  {
    "name": "Hot Pepper Paste",
    "url": "https://www.coles.com.au/product/ottogi-gochujang-hot-pepper-paste-170g-3328768",
    "img": "https://productimages.coles.com.au/productimages/3/3328768.jpg",
    "price": 3.2,
    "quantity": 0.17,
    "unitPrice": 18.8
  },
  {
    "name": "Xo Sauce Seafood Flavour Instant Noodles",
    "url": "https://www.coles.com.au/product/nissin-xo-sauce-seafood-flavour-instant-noodles-138g-1383710",
    "img": "https://productimages.coles.com.au/productimages/1/1383710.jpg",
    "price": 2.6,
    "quantity": 0.138,
    "unitPrice": 18.8
  },
  {
    "name": "Smooth Spread",
    "url": "https://www.coles.com.au/product/lotus-biscoff-smooth-spread-400g-3577219",
    "img": "https://productimages.coles.com.au/productimages/3/3577219.jpg",
    "price": 7.5,
    "quantity": 0.4,
    "unitPrice": 18.8
  },
  {
    "name": "Queensland Macadamia Honey",
    "url": "https://www.coles.com.au/product/coles-finest-queensland-macadamia-honey-400g-3579666",
    "img": "https://productimages.coles.com.au/productimages/3/3579666.jpg",
    "price": 7.5,
    "quantity": 0.4,
    "unitPrice": 18.8
  },
  {
    "name": "Australian Ironbark Honey",
    "url": "https://www.coles.com.au/product/coles-finest-australian-ironbark-honey-400g-6929470",
    "img": "https://productimages.coles.com.au/productimages/6/6929470.jpg",
    "price": 7.5,
    "quantity": 0.4,
    "unitPrice": 18.8
  },
  {
    "name": "Pure Australian Honey Squeeze",
    "url": "https://www.coles.com.au/product/beechworth-pure-australian-honey-squeeze-400g-7009637",
    "img": "https://productimages.coles.com.au/productimages/7/7009637.jpg",
    "price": 7.5,
    "quantity": 0.4,
    "unitPrice": 18.8
  },
  {
    "name": "I'M Free From Beef Sausage Roll",
    "url": "https://www.coles.com.au/product/coles-i'm-free-from-beef-sausage-roll-320g-5100240",
    "img": "https://productimages.coles.com.au/productimages/5/5100240.jpg",
    "price": 6,
    "quantity": 0.32,
    "unitPrice": 18.8
  },
  {
    "name": "Frozen French Style Crepes",
    "url": "https://www.coles.com.au/product/nanna's-frozen-french-style-crepes-400g-2523586",
    "img": "https://productimages.coles.com.au/productimages/2/2523586.jpg",
    "price": 7.5,
    "quantity": 0.4,
    "unitPrice": 18.8
  },
  {
    "name": "Frozen Custard Danish ",
    "url": "https://www.coles.com.au/product/sara-lee-frozen-custard-danish--400g-5672243",
    "img": "https://productimages.coles.com.au/productimages/5/5672243.jpg",
    "price": 7.5,
    "quantity": 0.4,
    "unitPrice": 18.8
  },
  {
    "name": "Nestle Sweetened Condensed Milk",
    "url": "https://www.woolworths.com.au/shop/productdetails/169393",
    "img": "https://cdn0.woolworths.media/content/wowproductimages/medium/169393.jpg",
    "price": 3.2,
    "quantity": 0.17,
    "unitPrice": 18.8
  },
  {
    "name": "Lurpak Spreadable Slightly Salted",
    "url": "https://www.woolworths.com.au/shop/productdetails/87702",
    "img": "https://cdn0.woolworths.media/content/wowproductimages/medium/087702.jpg",
    "price": 7.5,
    "quantity": 0.4,
    "unitPrice": 18.8
  },
  {
    "name": "Nestle Sweetened Condensed Milk",
    "url": "https://www.woolworths.com.au/shop/productdetails/169393",
    "img": "https://cdn0.woolworths.media/content/wowproductimages/medium/169393.jpg",
    "price": 3.2,
    "quantity": 0.17,
    "unitPrice": 18.8
  },
  {
    "name": "Yopro Danone High Protein Yoghurt No Added Sugar Vanilla",
    "url": "https://www.woolworths.com.au/shop/productdetails/646684",
    "img": "https://cdn0.woolworths.media/content/wowproductimages/medium/646684.jpg",
    "price": 3,
    "quantity": 0.16,
    "unitPrice": 18.8
  },
  {
    "name": "Yopro Danone High Protein Yoghurt No Added Sugar Strawberry",
    "url": "https://www.woolworths.com.au/shop/productdetails/646706",
    "img": "https://cdn0.woolworths.media/content/wowproductimages/medium/646706.jpg",
    "price": 3,
    "quantity": 0.16,
    "unitPrice": 18.8
  },
  {
    "name": "Yopro Danone High Protein Yoghurt No Added Sugar Salted Caramel",
    "url": "https://www.woolworths.com.au/shop/productdetails/83408",
    "img": "https://cdn0.woolworths.media/content/wowproductimages/medium/083408.jpg",
    "price": 3,
    "quantity": 0.16,
    "unitPrice": 18.8
  },
  {
    "name": "Yopro Danone High Protein Yoghurt No Added Sugar Mango",
    "url": "https://www.woolworths.com.au/shop/productdetails/646685",
    "img": "https://cdn0.woolworths.media/content/wowproductimages/medium/646685.jpg",
    "price": 3,
    "quantity": 0.16,
    "unitPrice": 18.8
  },
  {
    "name": "Gippsland Dairy Watermelon & Strawberry Twist Yoghurt",
    "url": "https://www.woolworths.com.au/shop/productdetails/768081",
    "img": "https://cdn0.woolworths.media/content/wowproductimages/medium/768081.jpg",
    "price": 3,
    "quantity": 0.16,
    "unitPrice": 18.8
  },
  {
    "name": "Yopro Danone High Protein Yoghurt No Added Sugar Banana",
    "url": "https://www.woolworths.com.au/shop/productdetails/689557",
    "img": "https://cdn0.woolworths.media/content/wowproductimages/medium/689557.jpg",
    "price": 3,
    "quantity": 0.16,
    "unitPrice": 18.8
  },
  {
    "name": "Yopro Danone High Protein Yoghurt No Added Sugar Passionfruit",
    "url": "https://www.woolworths.com.au/shop/productdetails/648070",
    "img": "https://cdn0.woolworths.media/content/wowproductimages/medium/648070.jpg",
    "price": 3,
    "quantity": 0.16,
    "unitPrice": 18.8
  },
  {
    "name": "Gippsland Dairy Toffee Honeycomb Twist Yoghurt",
    "url": "https://www.woolworths.com.au/shop/productdetails/753880",
    "img": "https://cdn0.woolworths.media/content/wowproductimages/medium/753880.jpg",
    "price": 3,
    "quantity": 0.16,
    "unitPrice": 18.8
  },
  {
    "name": "Gippsland Dairy Blueberry Twist Yoghurt",
    "url": "https://www.woolworths.com.au/shop/productdetails/740621",
    "img": "https://cdn0.woolworths.media/content/wowproductimages/medium/740621.jpg",
    "price": 3,
    "quantity": 0.16,
    "unitPrice": 18.8
  },
  {
    "name": "Gippsland Dairy Passionfruit Twist Yoghurt",
    "url": "https://www.woolworths.com.au/shop/productdetails/687826",
    "img": "https://cdn0.woolworths.media/content/wowproductimages/medium/687826.jpg",
    "price": 3,
    "quantity": 0.16,
    "unitPrice": 18.8
  },
  {
    "name": "Gippsland Dairy Mango & Blood Orange Twist Yoghurt",
    "url": "https://www.woolworths.com.au/shop/productdetails/740596",
    "img": "https://cdn0.woolworths.media/content/wowproductimages/medium/740596.jpg",
    "price": 3,
    "quantity": 0.16,
    "unitPrice": 18.8
  },
  {
    "name": "Gippsland Dairy Boysenberry Twist Yoghurt",
    "url": "https://www.woolworths.com.au/shop/productdetails/535631",
    "img": "https://cdn0.woolworths.media/content/wowproductimages/medium/535631.jpg",
    "price": 3,
    "quantity": 0.16,
    "unitPrice": 18.8
  },
  {
    "name": "Gippsland Dairy Twist Yoghurt Lemon Curd",
    "url": "https://www.woolworths.com.au/shop/productdetails/612012",
    "img": "https://cdn0.woolworths.media/content/wowproductimages/medium/612012.jpg",
    "price": 3,
    "quantity": 0.16,
    "unitPrice": 18.8
  },
  {
    "name": "Noshu 99% Sugar Free Low Carb Pancake Mix",
    "url": "https://www.woolworths.com.au/shop/productdetails/84629",
    "img": "https://cdn0.woolworths.media/content/wowproductimages/medium/084629.jpg",
    "price": 4.5,
    "quantity": 0.24,
    "unitPrice": 18.8
  },
  {
    "name": "Lotus Biscoff Spread",
    "url": "https://www.woolworths.com.au/shop/productdetails/670114",
    "img": "https://cdn0.woolworths.media/content/wowproductimages/medium/670114.jpg",
    "price": 7.5,
    "quantity": 0.4,
    "unitPrice": 18.8
  },
  {
    "name": "Beechworth 100% Pure Australian Honey Squeeze",
    "url": "https://www.woolworths.com.au/shop/productdetails/194384",
    "img": "https://cdn0.woolworths.media/content/wowproductimages/medium/194384.jpg",
    "price": 7.5,
    "quantity": 0.4,
    "unitPrice": 18.8
  },
  {
    "name": "Freedom Active Balance Cranberry & Buckwheat Cereal",
    "url": "https://www.woolworths.com.au/shop/productdetails/223889",
    "img": "https://cdn0.woolworths.media/content/wowproductimages/medium/223889.jpg",
    "price": 7.5,
    "quantity": 0.4,
    "unitPrice": 18.8
  },
  {
    "name": "Freedom Active Balance Maple & Almond Multigrain Flakes Cereal",
    "url": "https://www.woolworths.com.au/shop/productdetails/224616",
    "img": "https://cdn0.woolworths.media/content/wowproductimages/medium/224616.jpg",
    "price": 7.5,
    "quantity": 0.4,
    "unitPrice": 18.8
  },
  {
    "name": "Freedom Active Balance Cashews & Pepitas Cereal",
    "url": "https://www.woolworths.com.au/shop/productdetails/223871",
    "img": "https://cdn0.woolworths.media/content/wowproductimages/medium/223871.jpg",
    "price": 7.5,
    "quantity": 0.4,
    "unitPrice": 18.8
  },
  {
    "name": "Freedom Active Balance Almond & Cashew Multigrain Flakes Cereal",
    "url": "https://www.woolworths.com.au/shop/productdetails/224752",
    "img": "https://cdn0.woolworths.media/content/wowproductimages/medium/224752.jpg",
    "price": 7.5,
    "quantity": 0.4,
    "unitPrice": 18.8
  },
  {
    "name": "Adleys Honey Nothing But Honey Squeeze Pack",
    "url": "https://www.woolworths.com.au/shop/productdetails/806599",
    "img": "https://cdn0.woolworths.media/content/wowproductimages/medium/806599.jpg",
    "price": 7.5,
    "quantity": 0.4,
    "unitPrice": 18.8
  },
  {
    "name": "Noshu 99% Sugar Free Low Carb Pancake Mix",
    "url": "https://www.woolworths.com.au/shop/productdetails/84629",
    "img": "https://cdn0.woolworths.media/content/wowproductimages/medium/084629.jpg",
    "price": 4.5,
    "quantity": 0.24,
    "unitPrice": 18.8
  },
  {
    "name": "Noshu 98% Sugar Free Buttermilk Pancake Mix",
    "url": "https://www.woolworths.com.au/shop/productdetails/115760",
    "img": "https://cdn0.woolworths.media/content/wowproductimages/medium/115760.jpg",
    "price": 4.5,
    "quantity": 0.24,
    "unitPrice": 18.8
  },
  {
    "name": "Gerard Family Foods Agave Syrup",
    "url": "https://www.woolworths.com.au/shop/productdetails/281038",
    "img": "https://cdn0.woolworths.media/content/wowproductimages/medium/281038.jpg",
    "price": 6.5,
    "quantity": 0.345,
    "unitPrice": 18.8
  },
  {
    "name": "Beef Chuck Casserole Steak",
    "url": "https://www.coles.com.au/product/coles-beef-chuck-casserole-steak-850g-7361572",
    "img": "https://productimages.coles.com.au/productimages/7/7361572.jpg",
    "price": 16,
    "quantity": 0.85,
    "unitPrice": 18.82
  },
  {
    "name": "Frozen Coconut Chunks",
    "url": "https://www.coles.com.au/product/creative-gourmet-frozen-coconut-chunks-300g-3059928",
    "img": "https://productimages.coles.com.au/productimages/3/3059928.jpg",
    "price": 5.65,
    "quantity": 0.3,
    "unitPrice": 18.83
  },
  {
    "name": "Frozen Lychees",
    "url": "https://www.coles.com.au/product/creative-gourmet-frozen-lychees-300g-3311903",
    "img": "https://productimages.coles.com.au/productimages/3/3311903.jpg",
    "price": 5.65,
    "quantity": 0.3,
    "unitPrice": 18.83
  },
  {
    "name": "Frozen Passionfruit Pulp",
    "url": "https://www.coles.com.au/product/creative-gourmet-frozen-passionfruit-pulp-300g-3573047",
    "img": "https://productimages.coles.com.au/productimages/3/3573047.jpg",
    "price": 5.65,
    "quantity": 0.3,
    "unitPrice": 18.83
  },
  {
    "name": "Frozen Pink Dragonfruit Chunks",
    "url": "https://www.coles.com.au/product/creative-gourmet-frozen-pink-dragonfruit-chunks-300g-3573070",
    "img": "https://productimages.coles.com.au/productimages/3/3573070.jpg",
    "price": 5.65,
    "quantity": 0.3,
    "unitPrice": 18.83
  },
  {
    "name": "Frozen Raspberries",
    "url": "https://www.coles.com.au/product/creative-gourmet-frozen-raspberries-300g-5164388",
    "img": "https://productimages.coles.com.au/productimages/5/5164388.jpg",
    "price": 5.65,
    "quantity": 0.3,
    "unitPrice": 18.83
  },
  {
    "name": "Frozen Blueberries",
    "url": "https://www.coles.com.au/product/creative-gourmet-frozen-blueberries-300g-5164399",
    "img": "https://productimages.coles.com.au/productimages/5/5164399.jpg",
    "price": 5.65,
    "quantity": 0.3,
    "unitPrice": 18.83
  },
  {
    "name": "Gourmet Caramelised Onion Pork Sausage",
    "url": "https://www.coles.com.au/product/primo-gourmet-caramelised-onion-pork-sausage-450g-3768352",
    "img": "https://productimages.coles.com.au/productimages/3/3768352.jpg",
    "price": 8.5,
    "quantity": 0.45,
    "unitPrice": 18.89
  },
  {
    "name": "Gourmet Beef & Pork Chorizo Sausage",
    "url": "https://www.coles.com.au/product/primo-gourmet-beef-&-pork-chorizo-sausage-450g-3768374",
    "img": "https://productimages.coles.com.au/productimages/3/3768374.jpg",
    "price": 8.5,
    "quantity": 0.45,
    "unitPrice": 18.89
  },
  {
    "name": "Lamb Kebabs",
    "url": "https://www.coles.com.au/product/coles-lamb-kebabs-450g-3900020",
    "img": "https://productimages.coles.com.au/productimages/3/3900020.jpg",
    "price": 8.5,
    "quantity": 0.45,
    "unitPrice": 18.89
  },
  {
    "name": "Gourmet World Flavours South African Boerewors",
    "url": "https://www.coles.com.au/product/primo-gourmet-world-flavours-south-african-boerewors-450g-4469313",
    "img": "https://productimages.coles.com.au/productimages/4/4469313.jpg",
    "price": 8.5,
    "quantity": 0.45,
    "unitPrice": 18.89
  },
  {
    "name": "Gourmet World Flavours German Bratwurst Sausage",
    "url": "https://www.coles.com.au/product/primo-gourmet-world-flavours-german-bratwurst-sausage-450g-4469346",
    "img": "https://productimages.coles.com.au/productimages/4/4469346.jpg",
    "price": 8.5,
    "quantity": 0.45,
    "unitPrice": 18.89
  },
  {
    "name": "RSPCA Approved Chicken & Cheese Burgers",
    "url": "https://www.coles.com.au/product/coles-rspca-approved-chicken-&-cheese-burgers-450g-5932209",
    "img": "https://productimages.coles.com.au/productimages/5/5932209.jpg",
    "price": 8.5,
    "quantity": 0.45,
    "unitPrice": 18.89
  },
  {
    "name": "Woolworths Bbq Lamb Kebabs With Mint & Honey",
    "url": "https://www.woolworths.com.au/shop/productdetails/733123",
    "img": "https://cdn0.woolworths.media/content/wowproductimages/medium/733123.jpg",
    "price": 8.5,
    "quantity": 0.45,
    "unitPrice": 18.89
  },
  {
    "name": "Woolworths Bbq Beef Kebabs Mild Style",
    "url": "https://www.woolworths.com.au/shop/productdetails/162401",
    "img": "https://cdn0.woolworths.media/content/wowproductimages/medium/162401.jpg",
    "price": 8.5,
    "quantity": 0.45,
    "unitPrice": 18.89
  },
  {
    "name": "Peppercorn Smokehouse Cheese Kransky",
    "url": "https://www.woolworths.com.au/shop/productdetails/383769",
    "img": "https://cdn0.woolworths.media/content/wowproductimages/medium/383769.jpg",
    "price": 8.5,
    "quantity": 0.45,
    "unitPrice": 18.89
  },
  {
    "name": "Woolworths Bbq Sweet & Smoky Bbq Pork Kebabs",
    "url": "https://www.woolworths.com.au/shop/productdetails/278377",
    "img": "https://cdn0.woolworths.media/content/wowproductimages/medium/278377.jpg",
    "price": 8.5,
    "quantity": 0.45,
    "unitPrice": 18.89
  },
  {
    "name": "Peppercorn Smokehouse Aussie Franks",
    "url": "https://www.woolworths.com.au/shop/productdetails/385300",
    "img": "https://cdn0.woolworths.media/content/wowproductimages/medium/385300.jpg",
    "price": 8.5,
    "quantity": 0.45,
    "unitPrice": 18.89
  },
  {
    "name": "Choceur Cookies & Cream Chocolate Block",
    "url": "https://www.aldi.com.au/en/groceries/limited-time-only/limited-time-only-detail/ps/p/choceur-cookies-cream-chocolate-block-185g/",
    "img": "https://www.aldi.com.au/fileadmin/_processed_/7/c/csm_1001961-2_SEASONAL_1x1_228x128_B4_5_RET_84a1517478.png",
    "price": 3.49,
    "quantity": 0.185,
    "unitPrice": 18.9
  },
  {
    "name": "Choceur Cookies & Cream Chocolate Block",
    "url": "https://www.aldi.com.au/en/groceries/limited-time-only/limited-time-only-detail/ps/p/choceur-cookies-cream-chocolate-block-185g/",
    "img": "https://www.aldi.com.au/fileadmin/_processed_/7/c/csm_1001961-2_SEASONAL_1x1_228x128_B4_5_RET_84a1517478.png",
    "price": 3.49,
    "quantity": 0.185,
    "unitPrice": 18.9
  },
  {
    "name": "Squeeze",
    "url": "https://www.coles.com.au/product/b-honey-squeeze-450g-3789942",
    "img": "https://productimages.coles.com.au/productimages/3/3789942.jpg",
    "price": 8.5,
    "quantity": 0.45,
    "unitPrice": 18.9
  },
  {
    "name": "Glass",
    "url": "https://www.coles.com.au/product/b-honey-glass-450g-3789953",
    "img": "https://productimages.coles.com.au/productimages/3/3789953.jpg",
    "price": 8.5,
    "quantity": 0.45,
    "unitPrice": 18.9
  },
  {
    "name": "Coconuts For Mango",
    "url": "https://www.coles.com.au/product/proud-&-punch-coconuts-for-mango-450ml-3258662",
    "img": "https://productimages.coles.com.au/productimages/3/3258662.jpg",
    "price": 8.5,
    "quantity": 0.45,
    "unitPrice": 18.9
  },
  {
    "name": "Chocolate Banana Smoothie Pop 6 pack",
    "url": "https://www.coles.com.au/product/proud-&-punch-chocolate-banana-smoothie-pop-6-pack-450ml-3628014",
    "img": "https://productimages.coles.com.au/productimages/3/3628014.jpg",
    "price": 8.5,
    "quantity": 0.45,
    "unitPrice": 18.9
  },
  {
    "name": "Pining For Lime 6 pack",
    "url": "https://www.coles.com.au/product/proud-&-punch-pining-for-lime-6-pack-450ml-3948172",
    "img": "https://productimages.coles.com.au/productimages/3/3948172.jpg",
    "price": 8.5,
    "quantity": 0.45,
    "unitPrice": 18.9
  },
  {
    "name": "Cookies & Cream 6 Pack",
    "url": "https://www.coles.com.au/product/proud-&-punch-cookies-&-cream-6-pack-450ml-5488801",
    "img": "https://productimages.coles.com.au/productimages/5/5488801.jpg",
    "price": 8.5,
    "quantity": 0.45,
    "unitPrice": 18.9
  },
  {
    "name": "Freedom Classic Xo Cocoa Crunch Cereal 32% Whole Grain",
    "url": "https://www.woolworths.com.au/shop/productdetails/223975",
    "img": "https://cdn0.woolworths.media/content/wowproductimages/medium/223975.jpg",
    "price": 6.8,
    "quantity": 0.36,
    "unitPrice": 18.9
  },
  {
    "name": "Freedom Classic Maple Crunch Cereal",
    "url": "https://www.woolworths.com.au/shop/productdetails/224469",
    "img": "https://cdn0.woolworths.media/content/wowproductimages/medium/224469.jpg",
    "price": 6.8,
    "quantity": 0.36,
    "unitPrice": 18.9
  },
  {
    "name": "Dorset Nut Granola",
    "url": "https://www.woolworths.com.au/shop/productdetails/85470",
    "img": "https://cdn0.woolworths.media/content/wowproductimages/medium/085470.jpg",
    "price": 8.5,
    "quantity": 0.45,
    "unitPrice": 18.9
  },
  {
    "name": "Carman?s Gourmet Clusters Honey Roasted Nut",
    "url": "https://www.woolworths.com.au/shop/productdetails/383760",
    "img": "https://cdn0.woolworths.media/content/wowproductimages/medium/383760.jpg",
    "price": 8.5,
    "quantity": 0.45,
    "unitPrice": 18.9
  },
  {
    "name": "Freedom Classic Honey-o Crunch Cereal",
    "url": "https://www.woolworths.com.au/shop/productdetails/224782",
    "img": "https://cdn0.woolworths.media/content/wowproductimages/medium/224782.jpg",
    "price": 6.8,
    "quantity": 0.36,
    "unitPrice": 18.9
  },
  {
    "name": "Dorset Berry Granola",
    "url": "https://www.woolworths.com.au/shop/productdetails/85468",
    "img": "https://cdn0.woolworths.media/content/wowproductimages/medium/085468.jpg",
    "price": 8.5,
    "quantity": 0.45,
    "unitPrice": 18.9
  },
  {
    "name": "Carman?s Gourmet Clusters Cranberry, Apple & Roasted Nut",
    "url": "https://www.woolworths.com.au/shop/productdetails/385063",
    "img": "https://cdn0.woolworths.media/content/wowproductimages/medium/385063.jpg",
    "price": 8.5,
    "quantity": 0.45,
    "unitPrice": 18.9
  },
  {
    "name": "Hubbards Cocoa & Coconut Toasted Granola",
    "url": "https://www.woolworths.com.au/shop/productdetails/148981",
    "img": "https://cdn0.woolworths.media/content/wowproductimages/medium/148981.jpg",
    "price": 8.5,
    "quantity": 0.45,
    "unitPrice": 18.9
  },
  {
    "name": "Hubbards Vanilla & Almond Toasted Clusters",
    "url": "https://www.woolworths.com.au/shop/productdetails/149331",
    "img": "https://cdn0.woolworths.media/content/wowproductimages/medium/149331.jpg",
    "price": 8.5,
    "quantity": 0.45,
    "unitPrice": 18.9
  },
  {
    "name": "Hubbards Raspberry  & Coconut Toasted Granola",
    "url": "https://www.woolworths.com.au/shop/productdetails/150504",
    "img": "https://cdn0.woolworths.media/content/wowproductimages/medium/150504.jpg",
    "price": 8.5,
    "quantity": 0.45,
    "unitPrice": 18.9
  },
  {
    "name": "Hubbards Almond  & Pecan Toasted Muesli",
    "url": "https://www.woolworths.com.au/shop/productdetails/150076",
    "img": "https://cdn0.woolworths.media/content/wowproductimages/medium/150076.jpg",
    "price": 8.5,
    "quantity": 0.45,
    "unitPrice": 18.9
  },
  {
    "name": "Carman?s Gourmet Clusters Cinnamon Scroll",
    "url": "https://www.woolworths.com.au/shop/productdetails/383773",
    "img": "https://cdn0.woolworths.media/content/wowproductimages/medium/383773.jpg",
    "price": 8.5,
    "quantity": 0.45,
    "unitPrice": 18.9
  },
  {
    "name": "Hubbards Raspberry & Cacao Toasted Clusters",
    "url": "https://www.woolworths.com.au/shop/productdetails/148873",
    "img": "https://cdn0.woolworths.media/content/wowproductimages/medium/148873.jpg",
    "price": 8.5,
    "quantity": 0.45,
    "unitPrice": 18.9
  },
  {
    "name": "Hubbards Pomegranate & Blueberry Toasted Muesli",
    "url": "https://www.woolworths.com.au/shop/productdetails/150532",
    "img": "https://cdn0.woolworths.media/content/wowproductimages/medium/150532.jpg",
    "price": 8.5,
    "quantity": 0.45,
    "unitPrice": 18.9
  },
  {
    "name": "Woolworths Wild Alaskan Salmon & Lentil Salad",
    "url": "https://www.woolworths.com.au/shop/productdetails/132885",
    "img": "https://cdn0.woolworths.media/content/wowproductimages/medium/132885.jpg",
    "price": 3.5,
    "quantity": 0.185,
    "unitPrice": 18.92
  },
  {
    "name": "Kitchen Caesar Salad Kit",
    "url": "https://www.coles.com.au/product/coles-kitchen-caesar-salad-kit-290g-5515278",
    "img": "https://productimages.coles.com.au/productimages/5/5515278.jpg",
    "price": 5.5,
    "quantity": 0.29,
    "unitPrice": 18.97
  },
  {
    "name": "Cup Mushrooms Prepacked",
    "url": "https://www.coles.com.au/product/coles-cup-mushrooms-prepacked-200g-4829860",
    "img": "https://productimages.coles.com.au/productimages/4/4829860.jpg",
    "price": 3.8,
    "quantity": 0.2,
    "unitPrice": 19
  },
  {
    "name": "Sliced Mushrooms",
    "url": "https://www.coles.com.au/product/coles-sliced-mushrooms-200g-5750960",
    "img": "https://productimages.coles.com.au/productimages/5/5750960.jpg",
    "price": 3.8,
    "quantity": 0.2,
    "unitPrice": 19
  },
  {
    "name": "Apple & Cinnamon Yoghurt",
    "url": "https://www.coles.com.au/product/yog'n-oats-apple-&-cinnamon-yoghurt-150g-6615212",
    "img": "https://productimages.coles.com.au/productimages/6/6615212.jpg",
    "price": 2.85,
    "quantity": 0.15,
    "unitPrice": 19
  },
  {
    "name": "Yogurt Blueberry & Coconut",
    "url": "https://www.coles.com.au/product/yog'n-oats-yogurt-blueberry-&-coconut-150g-6616645",
    "img": "https://productimages.coles.com.au/productimages/6/6616645.jpg",
    "price": 2.85,
    "quantity": 0.15,
    "unitPrice": 19
  },
  {
    "name": "Mango & Passionfruit Yoghurt",
    "url": "https://www.coles.com.au/product/yog'n-oats-mango-&-passionfruit-yoghurt-150g-6616667",
    "img": "https://productimages.coles.com.au/productimages/6/6616667.jpg",
    "price": 2.85,
    "quantity": 0.15,
    "unitPrice": 19
  },
  {
    "name": "Double Cream",
    "url": "https://www.coles.com.au/product/meander-valley-double-cream-200ml-3308487",
    "img": "https://productimages.coles.com.au/productimages/3/3308487.jpg",
    "price": 3.8,
    "quantity": 0.2,
    "unitPrice": 19
  },
  {
    "name": "Dairy Low Fat Onion & Chives Cottage Cheese",
    "url": "https://www.coles.com.au/product/bulla-dairy-low-fat-onion-&-chives-cottage-cheese-200g-393967",
    "img": "https://productimages.coles.com.au/productimages/3/393967.jpg",
    "price": 3.8,
    "quantity": 0.2,
    "unitPrice": 19
  },
  {
    "name": "Dairy Low Fat Cottage Cheese Original",
    "url": "https://www.coles.com.au/product/bulla-dairy-low-fat-cottage-cheese-original-200g-393989",
    "img": "https://productimages.coles.com.au/productimages/3/393989.jpg",
    "price": 3.8,
    "quantity": 0.2,
    "unitPrice": 19
  },
  {
    "name": "Dollop Thick Cream",
    "url": "https://www.coles.com.au/product/bulla-dollop-thick-cream-200ml-6608148",
    "img": "https://productimages.coles.com.au/productimages/6/6608148.jpg",
    "price": 3.8,
    "quantity": 0.2,
    "unitPrice": 19
  },
  {
    "name": "Full Cream Instant Milk Powder",
    "url": "https://www.coles.com.au/product/a2-full-cream-instant-milk-powder-1kg-2412654",
    "img": "https://productimages.coles.com.au/productimages/2/2412654.jpg",
    "price": 19,
    "quantity": 1,
    "unitPrice": 19
  },
  {
    "name": "Jumbo Sausage Roll 2Pk",
    "url": "https://www.coles.com.au/product/national-jumbo-sausage-roll-2pk-420g-5763473",
    "img": "https://productimages.coles.com.au/productimages/5/5763473.jpg",
    "price": 8,
    "quantity": 0.42,
    "unitPrice": 19
  },
  {
    "name": "Apple & Cinnamon Yoghurt",
    "url": "https://www.coles.com.au/product/yog'n-oats-apple-&-cinnamon-yoghurt-150g-6615212",
    "img": "https://productimages.coles.com.au/productimages/6/6615212.jpg",
    "price": 2.85,
    "quantity": 0.15,
    "unitPrice": 19
  },
  {
    "name": "Yogurt Blueberry & Coconut",
    "url": "https://www.coles.com.au/product/yog'n-oats-yogurt-blueberry-&-coconut-150g-6616645",
    "img": "https://productimages.coles.com.au/productimages/6/6616645.jpg",
    "price": 2.85,
    "quantity": 0.15,
    "unitPrice": 19
  },
  {
    "name": "Mango & Passionfruit Yoghurt",
    "url": "https://www.coles.com.au/product/yog'n-oats-mango-&-passionfruit-yoghurt-150g-6616667",
    "img": "https://productimages.coles.com.au/productimages/6/6616667.jpg",
    "price": 2.85,
    "quantity": 0.15,
    "unitPrice": 19
  },
  {
    "name": "Double Cream",
    "url": "https://www.coles.com.au/product/meander-valley-double-cream-200ml-3308487",
    "img": "https://productimages.coles.com.au/productimages/3/3308487.jpg",
    "price": 3.8,
    "quantity": 0.2,
    "unitPrice": 19
  },
  {
    "name": "Dairy Low Fat Onion & Chives Cottage Cheese",
    "url": "https://www.coles.com.au/product/bulla-dairy-low-fat-onion-&-chives-cottage-cheese-200g-393967",
    "img": "https://productimages.coles.com.au/productimages/3/393967.jpg",
    "price": 3.8,
    "quantity": 0.2,
    "unitPrice": 19
  },
  {
    "name": "Dairy Low Fat Cottage Cheese Original",
    "url": "https://www.coles.com.au/product/bulla-dairy-low-fat-cottage-cheese-original-200g-393989",
    "img": "https://productimages.coles.com.au/productimages/3/393989.jpg",
    "price": 3.8,
    "quantity": 0.2,
    "unitPrice": 19
  },
  {
    "name": "Dollop Thick Cream",
    "url": "https://www.coles.com.au/product/bulla-dollop-thick-cream-200ml-6608148",
    "img": "https://productimages.coles.com.au/productimages/6/6608148.jpg",
    "price": 3.8,
    "quantity": 0.2,
    "unitPrice": 19
  },
  {
    "name": "Full Cream Instant Milk Powder",
    "url": "https://www.coles.com.au/product/a2-full-cream-instant-milk-powder-1kg-2412654",
    "img": "https://productimages.coles.com.au/productimages/2/2412654.jpg",
    "price": 19,
    "quantity": 1,
    "unitPrice": 19
  },
  {
    "name": "Jumbo Sausage Roll 2Pk",
    "url": "https://www.coles.com.au/product/national-jumbo-sausage-roll-2pk-420g-5763473",
    "img": "https://productimages.coles.com.au/productimages/5/5763473.jpg",
    "price": 8,
    "quantity": 0.42,
    "unitPrice": 19
  },
  {
    "name": "Streaky Bacon",
    "url": "https://www.coles.com.au/product/primo-streaky-bacon-approx.-100g-4304302",
    "img": "https://productimages.coles.com.au/productimages/4/4304302.jpg",
    "price": 1.9,
    "quantity": 0.1,
    "unitPrice": 19
  },
  {
    "name": "Seafood Salad",
    "url": "https://www.coles.com.au/product/coles-deli-seafood-salad-approx.-250g-1026032",
    "img": "https://productimages.coles.com.au/productimages/1/1026032.jpg",
    "price": 4.75,
    "quantity": 0.25,
    "unitPrice": 19
  },
  {
    "name": "Thawed Barramundi Fillets",
    "url": "https://www.coles.com.au/product/coles-deli-thawed-barramundi-fillets-approx.-350g-9586449",
    "img": "https://productimages.coles.com.au/productimages/9/9586449.jpg",
    "price": 6.65,
    "quantity": 0.35,
    "unitPrice": 19
  },
  {
    "name": "Herb & Garlic Bread Crumbs",
    "url": "https://www.coles.com.au/product/kook-'a'-crumb-herb-&-garlic-bread-crumbs-200g-8263310",
    "img": "https://productimages.coles.com.au/productimages/8/8263310.jpg",
    "price": 3.7,
    "quantity": 0.2,
    "unitPrice": 19
  },
  {
    "name": "Panko Breadcrumbs",
    "url": "https://www.coles.com.au/product/kooka-a-krumb-panko-breadcrumbs-190g-1437230",
    "img": "https://productimages.coles.com.au/productimages/1/1437230.jpg",
    "price": 3.7,
    "quantity": 0.19,
    "unitPrice": 19
  },
  {
    "name": "Herb & Garlic Bread Crumbs",
    "url": "https://www.coles.com.au/product/kook-'a'-crumb-herb-&-garlic-bread-crumbs-200g-8263310",
    "img": "https://productimages.coles.com.au/productimages/8/8263310.jpg",
    "price": 3.7,
    "quantity": 0.2,
    "unitPrice": 19
  },
  {
    "name": "Italian Blend Beans Coffee",
    "url": "https://www.coles.com.au/product/caffe-aurora-italian-blend-beans-coffee-1kg-4824415",
    "img": "https://productimages.coles.com.au/productimages/4/4824415.jpg",
    "price": 19,
    "quantity": 1,
    "unitPrice": 19
  },
  {
    "name": "Italian Blend Beans Coffee",
    "url": "https://www.coles.com.au/product/caffe-aurora-italian-blend-beans-coffee-1kg-4824415",
    "img": "https://productimages.coles.com.au/productimages/4/4824415.jpg",
    "price": 19,
    "quantity": 1,
    "unitPrice": 19
  },
  {
    "name": "Fenugreek Seeds",
    "url": "https://www.coles.com.au/product/pattu-fenugreek-seeds-100g-3339367",
    "img": "https://productimages.coles.com.au/productimages/3/3339367.jpg",
    "price": 1.85,
    "quantity": 0.1,
    "unitPrice": 19
  },
  {
    "name": "Passage To Asia Satay Chicken Stir Fry Sauce",
    "url": "https://www.coles.com.au/product/passage-foods-passage-to-asia-satay-chicken-stir-fry-sauce-200g-2020610",
    "img": "https://productimages.coles.com.au/productimages/2/2020610.jpg",
    "price": 3.8,
    "quantity": 0.2,
    "unitPrice": 19
  },
  {
    "name": "Ghee Bombay Halwa",
    "url": "https://www.coles.com.au/product/grb-ghee-bombay-halwa-200g-3339447",
    "img": "https://productimages.coles.com.au/productimages/3/3339447.jpg",
    "price": 3.8,
    "quantity": 0.2,
    "unitPrice": 19
  },
  {
    "name": "Hoisin & Garlic Stir Fry Sauce",
    "url": "https://www.coles.com.au/product/passage-to-asia-hoisin-&-garlic-stir-fry-sauce-200g-3746316",
    "img": "https://productimages.coles.com.au/productimages/3/3746316.jpg",
    "price": 3.8,
    "quantity": 0.2,
    "unitPrice": 19
  },
  {
    "name": "Cantonese Beef Stir Fry Sauce",
    "url": "https://www.coles.com.au/product/passage-to-asia-cantonese-beef-stir-fry-sauce-200g-4304109",
    "img": "https://productimages.coles.com.au/productimages/4/4304109.jpg",
    "price": 3.8,
    "quantity": 0.2,
    "unitPrice": 19
  },
  {
    "name": "Passage to Asia Pad Thai Stir Fry Sauce Pouch",
    "url": "https://www.coles.com.au/product/passage-foods-passage-to-asia-pad-thai-stir-fry-sauce-pouch-200g-6799942",
    "img": "https://productimages.coles.com.au/productimages/6/6799942.jpg",
    "price": 3.8,
    "quantity": 0.2,
    "unitPrice": 19
  },
  {
    "name": "Thai Red Curry Simmer Sauce",
    "url": "https://www.coles.com.au/product/passage-to-asia-thai-red-curry-simmer-sauce-200g-7047240",
    "img": "https://productimages.coles.com.au/productimages/7/7047240.jpg",
    "price": 3.8,
    "quantity": 0.2,
    "unitPrice": 19
  },
  {
    "name": "Honey Soy Stir Fry Sauce",
    "url": "https://www.coles.com.au/product/passage-to-asia-honey-soy-stir-fry-sauce-200g-8765974",
    "img": "https://productimages.coles.com.au/productimages/8/8765974.jpg",
    "price": 3.8,
    "quantity": 0.2,
    "unitPrice": 19
  },
  {
    "name": "Passage To Asia Teriyaki Chicken Stir Fry Sauce",
    "url": "https://www.coles.com.au/product/passage-foods-passage-to-asia-teriyaki-chicken-stir-fry-sauce-200g-8766220",
    "img": "https://productimages.coles.com.au/productimages/8/8766220.jpg",
    "price": 3.8,
    "quantity": 0.2,
    "unitPrice": 19
  },
  {
    "name": "Hard N Soft Taco Kit Mexican Style",
    "url": "https://www.coles.com.au/product/old-el-paso-hard-n-soft-taco-kit-mexican-style-350g-5293041",
    "img": "https://productimages.coles.com.au/productimages/5/5293041.jpg",
    "price": 6.65,
    "quantity": 0.35,
    "unitPrice": 19
  },
  {
    "name": "Chilli & Garlic Sauce",
    "url": "https://www.coles.com.au/product/lee-kum-kee-chilli-&-garlic-sauce-226g-6065698",
    "img": "https://productimages.coles.com.au/productimages/6/6065698.jpg",
    "price": 4.3,
    "quantity": 0.226,
    "unitPrice": 19
  },
  {
    "name": "XO Five Spices Mushroom Sauce",
    "url": "https://www.coles.com.au/product/baishanzu-xo-five-spices-mushroom-sauce-210g-1383970",
    "img": "https://productimages.coles.com.au/productimages/1/1383970.jpg",
    "price": 4,
    "quantity": 0.21,
    "unitPrice": 19
  },
  {
    "name": "XO Garlic Mushroom Sauce",
    "url": "https://www.coles.com.au/product/baishanzu-xo-garlic-mushroom-sauce-210g-1383980",
    "img": "https://productimages.coles.com.au/productimages/1/1383980.jpg",
    "price": 4,
    "quantity": 0.21,
    "unitPrice": 19
  },
  {
    "name": "XO Szechuan Mushroom Sauce",
    "url": "https://www.coles.com.au/product/baishanzu-xo-szechuan-mushroom-sauce-210g-1384000",
    "img": "https://productimages.coles.com.au/productimages/1/1384000.jpg",
    "price": 4,
    "quantity": 0.21,
    "unitPrice": 19
  },
  {
    "name": "Plum Sauce",
    "url": "https://www.coles.com.au/product/ayam-plum-sauce-210ml-14639",
    "img": "https://productimages.coles.com.au/productimages/1/14639.jpg",
    "price": 4,
    "quantity": 0.21,
    "unitPrice": 19
  },
  {
    "name": "Lemon Chicken Sauce",
    "url": "https://www.coles.com.au/product/ayam-lemon-chicken-sauce-210ml-2001682",
    "img": "https://productimages.coles.com.au/productimages/2/2001682.jpg",
    "price": 4,
    "quantity": 0.21,
    "unitPrice": 19
  },
  {
    "name": "San Choy Bao Sauce",
    "url": "https://www.coles.com.au/product/ayam-san-choy-bao-sauce-210ml-2001707",
    "img": "https://productimages.coles.com.au/productimages/2/2001707.jpg",
    "price": 4,
    "quantity": 0.21,
    "unitPrice": 19
  },
  {
    "name": "Vegetarian Oyster Sauce",
    "url": "https://www.coles.com.au/product/ayam-vegetarian-oyster-sauce-210ml-3755260",
    "img": "https://productimages.coles.com.au/productimages/3/3755260.jpg",
    "price": 4,
    "quantity": 0.21,
    "unitPrice": 19
  },
  {
    "name": "Hoi Sin Sauce",
    "url": "https://www.coles.com.au/product/ayam-hoi-sin-sauce-210ml-480530",
    "img": "https://productimages.coles.com.au/productimages/4/480530.jpg",
    "price": 4,
    "quantity": 0.21,
    "unitPrice": 19
  },
  {
    "name": "Oyster Sauce",
    "url": "https://www.coles.com.au/product/ayam-oyster-sauce-210ml-480960",
    "img": "https://productimages.coles.com.au/productimages/4/480960.jpg",
    "price": 4,
    "quantity": 0.21,
    "unitPrice": 19
  },
  {
    "name": "Black Bean Sauce",
    "url": "https://www.coles.com.au/product/ayam-black-bean-sauce-210ml-60614",
    "img": "https://productimages.coles.com.au/productimages/6/60614.jpg",
    "price": 4,
    "quantity": 0.21,
    "unitPrice": 19
  },
  {
    "name": "Fish Sauce",
    "url": "https://www.coles.com.au/product/ayam-fish-sauce-210ml-6082824",
    "img": "https://productimages.coles.com.au/productimages/6/6082824.jpg",
    "price": 4,
    "quantity": 0.21,
    "unitPrice": 19
  },
  {
    "name": "Teriyaki Sauce",
    "url": "https://www.coles.com.au/product/ayam-teriyaki-sauce-210ml-6082835",
    "img": "https://productimages.coles.com.au/productimages/6/6082835.jpg",
    "price": 4,
    "quantity": 0.21,
    "unitPrice": 19
  },
  {
    "name": "Honey & Soy Sauce",
    "url": "https://www.coles.com.au/product/ayam-honey-&-soy-sauce-210ml-6801035",
    "img": "https://productimages.coles.com.au/productimages/6/6801035.jpg",
    "price": 4,
    "quantity": 0.21,
    "unitPrice": 19
  },
  {
    "name": "Sweet & Sour Sauce",
    "url": "https://www.coles.com.au/product/ayam-sweet-&-sour-sauce-210ml-6801782",
    "img": "https://productimages.coles.com.au/productimages/6/6801782.jpg",
    "price": 4,
    "quantity": 0.21,
    "unitPrice": 19
  },
  {
    "name": "Australian Apricot Jam",
    "url": "https://www.coles.com.au/product/beerenberg-australian-apricot-jam-300g-6993650",
    "img": "https://productimages.coles.com.au/productimages/6/6993650.jpg",
    "price": 5.7,
    "quantity": 0.3,
    "unitPrice": 19
  },
  {
    "name": "Australian Orange Marmalade",
    "url": "https://www.coles.com.au/product/beerenberg-australian-orange-marmalade-300g-6993708",
    "img": "https://productimages.coles.com.au/productimages/6/6993708.jpg",
    "price": 5.7,
    "quantity": 0.3,
    "unitPrice": 19
  },
  {
    "name": "Australian Strawberry Jam",
    "url": "https://www.coles.com.au/product/beerenberg-australian-strawberry-jam-300g-6993720",
    "img": "https://productimages.coles.com.au/productimages/6/6993720.jpg",
    "price": 5.7,
    "quantity": 0.3,
    "unitPrice": 19
  },
  {
    "name": "Australian Raspberry Jam",
    "url": "https://www.coles.com.au/product/beerenberg-australian-raspberry-jam-300g-7251723",
    "img": "https://productimages.coles.com.au/productimages/7/7251723.jpg",
    "price": 5.7,
    "quantity": 0.3,
    "unitPrice": 19
  },
  {
    "name": "Extra Virgin Olive Oil",
    "url": "https://www.coles.com.au/product/red-island-extra-virgin-olive-oil-250ml-4484770",
    "img": "https://productimages.coles.com.au/productimages/4/4484770.jpg",
    "price": 4.75,
    "quantity": 0.25,
    "unitPrice": 19
  },
  {
    "name": "Vitality Macadamia Oil",
    "url": "https://www.coles.com.au/product/suncoast-gold-vitality-macadamia-oil-500ml-5890732",
    "img": "https://productimages.coles.com.au/productimages/5/5890732.jpg",
    "price": 9.5,
    "quantity": 0.5,
    "unitPrice": 19
  },
  {
    "name": "Beef Style Stock Cubes 21 pack",
    "url": "https://www.coles.com.au/product/coles-beef-style-stock-cubes-21-pack-105g-3455674",
    "img": "https://productimages.coles.com.au/productimages/3/3455674.jpg",
    "price": 2,
    "quantity": 0.105,
    "unitPrice": 19
  },
  {
    "name": "Chicken Stock Cubes 21 pack",
    "url": "https://www.coles.com.au/product/coles-chicken-stock-cubes-21-pack-105g-3455685",
    "img": "https://productimages.coles.com.au/productimages/3/3455685.jpg",
    "price": 2,
    "quantity": 0.105,
    "unitPrice": 19
  },
  {
    "name": "Vegetable Stock Cubes 21 pack",
    "url": "https://www.coles.com.au/product/coles-vegetable-stock-cubes-21-pack-105g-3455696",
    "img": "https://productimages.coles.com.au/productimages/3/3455696.jpg",
    "price": 2,
    "quantity": 0.105,
    "unitPrice": 19
  },
  {
    "name": "Tenders",
    "url": "https://www.coles.com.au/product/meet-tenders-250g-3990747",
    "img": "https://productimages.coles.com.au/productimages/3/3990747.jpg",
    "price": 4.75,
    "quantity": 0.25,
    "unitPrice": 19
  },
  {
    "name": "Strips",
    "url": "https://www.coles.com.au/product/meet-strips-250g-3990758",
    "img": "https://productimages.coles.com.au/productimages/3/3990758.jpg",
    "price": 4.75,
    "quantity": 0.25,
    "unitPrice": 19
  },
  {
    "name": "Pub Size Bangers & Mash",
    "url": "https://www.coles.com.au/product/mccain-pub-size-bangers-&-mash-500g-2944154",
    "img": "https://productimages.coles.com.au/productimages/2/2944154.jpg",
    "price": 9.5,
    "quantity": 0.5,
    "unitPrice": 19
  },
  {
    "name": "Frozen Party Pasties 12 pack",
    "url": "https://www.coles.com.au/product/patties-frozen-party-pasties-12-pack-500g-5237131",
    "img": "https://productimages.coles.com.au/productimages/5/5237131.jpg",
    "price": 9.5,
    "quantity": 0.5,
    "unitPrice": 19
  },
  {
    "name": "Graze Grass Fed No Added Hormone Beef Mince",
    "url": "https://www.coles.com.au/product/coles-graze-grass-fed-no-added-hormone-beef-mince-500g-2820606",
    "img": "https://productimages.coles.com.au/productimages/2/2820606.jpg",
    "price": 9.5,
    "quantity": 0.5,
    "unitPrice": 19
  },
  {
    "name": "Seafood Salad",
    "url": "https://www.coles.com.au/product/coles-deli-seafood-salad-approx.-250g-1026032",
    "img": "https://productimages.coles.com.au/productimages/1/1026032.jpg",
    "price": 4.75,
    "quantity": 0.25,
    "unitPrice": 19
  },
  {
    "name": "Thawed Barramundi Fillets",
    "url": "https://www.coles.com.au/product/coles-deli-thawed-barramundi-fillets-approx.-350g-9586449",
    "img": "https://productimages.coles.com.au/productimages/9/9586449.jpg",
    "price": 6.65,
    "quantity": 0.35,
    "unitPrice": 19
  },
  {
    "name": "Red Island Cold Pressed Olive Oil Extra Virgin",
    "url": "https://www.woolworths.com.au/shop/productdetails/217225",
    "img": "https://cdn0.woolworths.media/content/wowproductimages/medium/217225.jpg",
    "price": 9.5,
    "quantity": 0.5,
    "unitPrice": 19
  },
  {
    "name": "Red Island Extra Virgin Olive Oil Extra Virgin",
    "url": "https://www.woolworths.com.au/shop/productdetails/217214",
    "img": "https://cdn0.woolworths.media/content/wowproductimages/medium/217214.jpg",
    "price": 4.75,
    "quantity": 0.25,
    "unitPrice": 19
  },
  {
    "name": "Woolworths Barramundi Thawed Fillets",
    "url": "https://www.woolworths.com.au/shop/productdetails/71587",
    "img": "https://cdn0.woolworths.media/content/wowproductimages/medium/071587.jpg",
    "price": 19,
    "quantity": 1,
    "unitPrice": 19
  },
  {
    "name": "Gourmet Seafood Salad Chilled Premium Gourmet",
    "url": "https://www.woolworths.com.au/shop/productdetails/97444",
    "img": "https://cdn0.woolworths.media/content/wowproductimages/medium/097444.jpg",
    "price": 19,
    "quantity": 1,
    "unitPrice": 19
  },
  {
    "name": "Thawed Barramundi Fillets Bag And Bake Teriyaki Ginger",
    "url": "https://www.woolworths.com.au/shop/productdetails/859284",
    "img": "https://cdn0.woolworths.media/content/wowproductimages/medium/859284.jpg",
    "price": 19,
    "quantity": 1,
    "unitPrice": 19
  },
  {
    "name": "Thawed Skinned Ling Fillets Bag & Bake Teriyaki Ginger",
    "url": "https://www.woolworths.com.au/shop/productdetails/859300",
    "img": "https://cdn0.woolworths.media/content/wowproductimages/medium/859300.jpg",
    "price": 19,
    "quantity": 1,
    "unitPrice": 19
  },
  {
    "name": "Hart & Soul Pho Noodle Soup Cooking Kit",
    "url": "https://www.woolworths.com.au/shop/productdetails/202149",
    "img": "https://cdn0.woolworths.media/content/wowproductimages/medium/202149.jpg",
    "price": 5,
    "quantity": 0.263,
    "unitPrice": 19
  },
  {
    "name": "D'orsogna Shortcut Bacon",
    "url": "https://www.woolworths.com.au/shop/productdetails/71841",
    "img": "https://cdn0.woolworths.media/content/wowproductimages/medium/071841.jpg",
    "price": 19,
    "quantity": 1,
    "unitPrice": 19
  },
  {
    "name": "Pork Belly",
    "url": "https://www.woolworths.com.au/shop/productdetails/764465",
    "img": "https://cdn0.woolworths.media/content/wowproductimages/medium/764465.jpg",
    "price": 24.7,
    "quantity": 1.3,
    "unitPrice": 19
  },
  {
    "name": "Masterfoods Shaker Fries Charcoal Chicken Flavour Seasoning",
    "url": "https://www.woolworths.com.au/shop/productdetails/60864",
    "img": "https://cdn0.woolworths.media/content/wowproductimages/medium/060864.jpg",
    "price": 3.5,
    "quantity": 0.185,
    "unitPrice": 19
  }
]