[
  {
    "name": "Luv-A-Duck Cooked Duck Legs",
    "url": "https://www.aldi.com.au/en/groceries/super-savers/super-savers-detail/ps/p/luv-a-duck-cooked-duck-legs-2pk500g/",
    "img": "https://www.aldi.com.au/fileadmin/_processed_/c/8/csm_2623_SSV_MEAT_1x1_1_RET_ea451885a9.png",
    "price": 10.49,
    "quantity": 0.5,
    "unitPrice": 20.98
  },
  {
    "name": "Tibaldi Ham Off The Bone",
    "url": "https://www.aldi.com.au/en/groceries/super-savers/super-savers-detail/ps/p/tibaldi-ham-off-the-bone-500g-1/",
    "img": "https://www.aldi.com.au/fileadmin/_processed_/4/a/csm_2623_SSV_MEAT_1x1_2_RET_2e13a2aef2.png",
    "price": 11.99,
    "quantity": 0.5,
    "unitPrice": 23.98
  },
  {
    "name": "The Fishmonger Salt & Pepper Squid",
    "url": "https://www.aldi.com.au/en/groceries/super-savers/super-savers-detail/ps/p/the-fishmonger-salt-pepper-squid-280g-5/",
    "img": "https://www.aldi.com.au/fileadmin/_processed_/1/7/csm_2623_SSV_MEAT_1x1_3_RET_a3e6f0800f.png",
    "price": 6.99,
    "quantity": 0.28,
    "unitPrice": 24.96
  },
  {
    "name": "Specially Selected Pork and Beef Gourmet Sausages",
    "url": "https://www.aldi.com.au/en/groceries/super-savers/super-savers-detail/ps/p/specially-selected-pork-and-beef-gourmet-sausages-1/",
    "img": "https://www.aldi.com.au/fileadmin/_processed_/e/a/csm_2623_SSV_MEAT_PD_4_RET_6ac43c29a3.jpg",
    "price": 7.49,
    "quantity": 0.5,
    "unitPrice": 14.98
  },
  {
    "name": "KR Castlemaine BBQ Marinated Meaty Pork Ribs per",
    "url": "https://www.aldi.com.au/en/groceries/super-savers/super-savers-detail/ps/p/kr-castlemaine-bbq-marinated-meaty-pork-ribs-per-k/",
    "img": "https://www.aldi.com.au/fileadmin/_processed_/b/7/csm_2623_SSV_MEAT_1x1_5_RET_4b433e3149.png",
    "price": 16.99,
    "unitPrice": null
  },
  {
    "name": "The Fishmonger Melt in the Middle Fish Cakes",
    "url": "https://www.aldi.com.au/en/groceries/super-savers/super-savers-detail/ps/p/the-fishmonger-melt-in-the-middle-fish-cakes-2pk29-17/",
    "img": "https://www.aldi.com.au/fileadmin/_processed_/1/6/csm_1002110-1_JUNE_SSV_B2_1x1_228x128_1_RET_e50bcdba36.png",
    "price": 4,
    "quantity": 0.29,
    "unitPrice": 13.79
  },
  {
    "name": "Elmsbury Potato Pies",
    "url": "https://www.aldi.com.au/en/groceries/super-savers/super-savers-detail/ps/p/elmsbury-potato-pies-2pk440g-1/",
    "img": "https://www.aldi.com.au/fileadmin/_processed_/4/6/csm_1002110-JUNE_SSV_B1_1x1_228x128_3_RET_38db049a90.png",
    "price": 4,
    "quantity": 0.44,
    "unitPrice": 9.09
  },
  {
    "name": "Food Envy Italian Family Desserts",
    "url": "https://www.aldi.com.au/en/groceries/super-savers/super-savers-detail/ps/p/food-envy-italian-family-desserts-500g-2/",
    "img": "https://www.aldi.com.au/fileadmin/_processed_/1/a/csm_1002110-JUNE_SSV_B1_1x1_228x128_4_RET_292a59b452.png",
    "price": 4.5,
    "quantity": 0.5,
    "unitPrice": 9
  },
  {
    "name": "World Kitchen Garlic Naan Bread",
    "url": "https://www.aldi.com.au/en/groceries/super-savers/super-savers-detail/ps/p/world-kitchen-garlic-naan-bread-360g/",
    "img": "https://www.aldi.com.au/fileadmin/_processed_/8/4/csm_1002110-JUNE_SSV_B1_1x1_228x128_5_RET_37ad251d9f.png",
    "price": 2.5,
    "quantity": 0.36,
    "unitPrice": 6.94
  },
  {
    "name": "Bakers Life Italian Style Pizza Base",
    "url": "https://www.aldi.com.au/en/groceries/super-savers/super-savers-detail/ps/p/bakers-life-italian-style-pizza-base-2pk400g-1/",
    "img": "https://www.aldi.com.au/fileadmin/_processed_/6/2/csm_1002110-JUNE_SSV_B1_1x1_228x128_6_RET_b8d7c8858c.png",
    "price": 2.5,
    "quantity": 0.4,
    "unitPrice": 6.25
  },
  {
    "name": "Bakers Life Sunny Crumpets",
    "url": "https://www.aldi.com.au/en/groceries/super-savers/super-savers-detail/ps/p/bakers-life-sunny-crumpets-6pk-2/",
    "img": "https://www.aldi.com.au/fileadmin/_processed_/8/c/csm_1002110-JUNE_SSV_B1_1x1_228x128_7_RET_8ba5b7d4ba.png",
    "price": 1.4,
    "quantity": 6,
    "unitPrice": 0.23
  },
  {
    "name": "Knoppers Nutbar",
    "url": "https://www.aldi.com.au/en/groceries/super-savers/super-savers-detail/ps/p/knoppers-nutbar-3pk120g-1/",
    "img": "https://www.aldi.com.au/fileadmin/_processed_/6/8/csm_1002110-JUNE_SSV_B1_1x1_228x128_8_RET_1bf1033a6b.png",
    "price": 1,
    "quantity": 0.12,
    "unitPrice": 8.33
  },
  {
    "name": "Belmont Biscuit Co. Gluten Free Coconut Macaroons",
    "url": "https://www.aldi.com.au/en/groceries/super-savers/super-savers-detail/ps/p/belmont-biscuit-co-gluten-free-coconut-macaroons-1/",
    "img": "https://www.aldi.com.au/fileadmin/_processed_/4/4/csm_1002110-JUNE_SSV_B1_1x1_228x128_9_RET_c788ca3456.png",
    "price": 1.4,
    "quantity": 0.16,
    "unitPrice": 8.75
  },
  {
    "name": "Hillcrest Gourmet Protein Bars",
    "url": "https://www.aldi.com.au/en/groceries/super-savers/super-savers-detail/ps/p/hillcrest-gourmet-protein-bars-5pk200g-4/",
    "img": "https://www.aldi.com.au/fileadmin/_processed_/d/b/csm_1002110-JUNE_SSV_B1_1x1_228x128_10_RET_b2d2883a0a.png",
    "price": 3,
    "quantity": 0.2,
    "unitPrice": 15
  },
  {
    "name": "Moser Roth Dark Chocolate",
    "url": "https://www.aldi.com.au/en/groceries/super-savers/super-savers-detail/ps/p/moser-roth-dark-chocolate-125g/",
    "img": "https://www.aldi.com.au/fileadmin/_processed_/e/d/csm_1002110-JUNE_SSV_B1_1x1_228x128_11_RET_088c95acf0.png",
    "price": 2.5,
    "quantity": 0.125,
    "unitPrice": 20
  },
  {
    "name": "Moser Roth Orange & Almond or Dark Hazelnut Chocolate",
    "url": "https://www.aldi.com.au/en/groceries/super-savers/super-savers-detail/ps/p/moser-roth-orange-almond-or-dark-hazelnut-chocolat/",
    "img": "https://www.aldi.com.au/fileadmin/_processed_/7/6/csm_1002110-JUNE_SSV_B1_1x1_228x128_12_RET_ba8a5e87ff.png",
    "price": 2.5,
    "quantity": 0.125,
    "unitPrice": 20
  },
  {
    "name": "Lacura Verde Hand Wash",
    "url": "https://www.aldi.com.au/en/groceries/super-savers/super-savers-detail/ps/p/lacura-verde-hand-wash-500ml/",
    "img": "https://www.aldi.com.au/fileadmin/_processed_/d/c/csm_1002110-JUNE_SSV_B1_1x1_228x128_14_RET_9bae0d5151.png",
    "price": 4.5,
    "quantity": 0.5,
    "unitPrice": 9
  },
  {
    "name": "Pantene Shampoo or Conditioner",
    "url": "https://www.aldi.com.au/en/groceries/super-savers/super-savers-detail/ps/p/pantene-shampoo-or-conditioner-300ml-2/",
    "img": "https://www.aldi.com.au/fileadmin/_processed_/e/9/csm_1002110-JUNE_SSV_B1_1x1_228x128_15_RET_ac8ac72950.png",
    "price": 5.5,
    "quantity": 0.3,
    "unitPrice": 18.33
  },
  {
    "name": "Corte Carista Montepulciano Dâ€™Abruzzo DOC",
    "url": "https://www.aldi.com.au/en/groceries/super-savers/super-savers-detail/ps/p/corte-carista-montepulciano-dabruzzo-doc-750ml/",
    "img": "https://www.aldi.com.au/fileadmin/_processed_/d/0/csm_1002110-JUNE_SSV_B1_1x1_228x128_16_RET_70eff1ad6d.png",
    "price": 9,
    "quantity": 0.75,
    "unitPrice": 12
  },
  {
    "name": "One Road Shiraz",
    "url": "https://www.aldi.com.au/en/groceries/super-savers/super-savers-detail/ps/p/one-road-shiraz-750ml-1/",
    "img": "https://www.aldi.com.au/fileadmin/_processed_/5/1/csm_1002110-JUNE_SSV_B1_1x1_228x128_17_RET_9df035af16.png",
    "price": 6,
    "quantity": 0.75,
    "unitPrice": 8
  },
  {
    "name": "Sweet Sensations Peanut Brittle or Butter Fudge",
    "url": "https://www.aldi.com.au/en/groceries/seasonal-range/seasonal-range-detail/ps/p/sweet-sensations-peanut-brittle-or-butter-fudge-12/",
    "img": "https://www.aldi.com.au/fileadmin/_processed_/6/4/csm_1001961-2_SEASONAL_1x1_228x128_B3_1_RET_7d0cccfce7.png",
    "price": 3.99,
    "quantity": 0.15,
    "unitPrice": 26.6
  },
  {
    "name": "Mr Rice Rice Noodles Thai or Vermicelli",
    "url": "https://www.aldi.com.au/en/groceries/seasonal-range/seasonal-range-detail/ps/p/mr-rice-rice-noodles-thai-or-vermicelli-200g250g/",
    "img": "https://www.aldi.com.au/fileadmin/_processed_/0/b/csm_1001961-2_SEASONAL_1x1_228x128_B3_2_RET_accc0d6ec8.png",
    "price": 1.39,
    "quantity": 0.25,
    "unitPrice": 5.56
  },
  {
    "name": "Koka Spicy Beef Noodles",
    "url": "https://www.aldi.com.au/en/groceries/seasonal-range/seasonal-range-detail/ps/p/koka-spicy-beef-noodles-425g/",
    "img": "https://www.aldi.com.au/fileadmin/_processed_/7/b/csm_1001961-2_SEASONAL_1x1_228x128_B3_3_RET_18bfba2c80.png",
    "price": 3.99,
    "quantity": 0.425,
    "unitPrice": 9.39
  },
  {
    "name": "Koka Spicy Prawn Noodles",
    "url": "https://www.aldi.com.au/en/groceries/seasonal-range/seasonal-range-detail/ps/p/koka-spicy-prawn-noodles-425g/",
    "img": "https://www.aldi.com.au/fileadmin/_processed_/5/f/csm_1001961-2_SEASONAL_1x1_228x128_B3_4_RET_e0165a5509.png",
    "price": 3.99,
    "quantity": 0.425,
    "unitPrice": 9.39
  },
  {
    "name": "Belmont Biscuit Co. Mini Melting Moments Passionfruit",
    "url": "https://www.aldi.com.au/en/groceries/seasonal-range/seasonal-range-detail/ps/p/belmont-biscuit-co-mini-melting-moments-passionfru/",
    "img": "https://www.aldi.com.au/fileadmin/_processed_/f/0/csm_1001961-2_SEASONAL_1x1_228x128_B3_5_RET_0ad0aa8a76.png",
    "price": 3.29,
    "quantity": 0.12,
    "unitPrice": 27.42
  },
  {
    "name": "Belmont Biscuit Co. Jam Daisies",
    "url": "https://www.aldi.com.au/en/groceries/seasonal-range/seasonal-range-detail/ps/p/belmont-biscuit-co-jam-daisies-6pk200g/",
    "img": "https://www.aldi.com.au/fileadmin/_processed_/6/6/csm_1001961-2_SEASONAL_1x1_228x128_B3_6_RET_985e33cbba.png",
    "price": 2.7,
    "quantity": 0.2,
    "unitPrice": 13.5
  },
  {
    "name": "Bertie Beetle Mini Choc Sticks",
    "url": "https://www.aldi.com.au/en/groceries/seasonal-range/seasonal-range-detail/ps/p/bertie-beetle-mini-choc-sticks-6pk360ml/",
    "img": "https://www.aldi.com.au/fileadmin/_processed_/e/f/csm_1001961-2_SEASONAL_1x1_228x128_B3_11_RET_6554c7d244.png",
    "price": 4.99,
    "quantity": 0.36,
    "unitPrice": 13.86
  },
  {
    "name": "Monarc Silver Scoop Choc Chip Mint",
    "url": "https://www.aldi.com.au/en/groceries/seasonal-range/seasonal-range-detail/ps/p/monarc-silver-scoop-choc-chip-mint-2l/",
    "img": "https://www.aldi.com.au/fileadmin/_processed_/9/e/csm_1001961-2_SEASONAL_1x1_228x128_B3_12_RET_8e159dea5a.png",
    "price": 5.69,
    "quantity": 2,
    "unitPrice": 2.85
  },
  {
    "name": "Specially Selected Mocha, Coffee Syrup & Cookie Crumb",
    "url": "https://www.aldi.com.au/en/groceries/seasonal-range/seasonal-range-detail/ps/p/specially-selected-mocha-coffee-syrup-cookie-crumb/",
    "img": "https://www.aldi.com.au/fileadmin/_processed_/4/8/csm_1001961-2_SEASONAL_1x1_228x128_B3_13_RET_4f1ecd0cc5.png",
    "price": 5.99,
    "quantity": 0.36,
    "unitPrice": 16.64
  },
  {
    "name": "Milfina Plat-A-Pops Bubblegum",
    "url": "https://www.aldi.com.au/en/groceries/seasonal-range/seasonal-range-detail/ps/p/milfina-plat-a-pops-bubblegum-10pk700ml/",
    "img": "https://www.aldi.com.au/fileadmin/_processed_/c/2/csm_1001961-2_SEASONAL_1x1_228x128_B3_14_RET_R_34efda6188.png",
    "price": 4.99,
    "quantity": 0.7,
    "unitPrice": 7.13
  },
  {
    "name": "Kapiti Sticky Date & Spiced Caramel Ice Cream",
    "url": "https://www.aldi.com.au/en/groceries/seasonal-range/seasonal-range-detail/ps/p/kapiti-sticky-date-spiced-caramel-ice-cream-1l/",
    "img": "https://www.aldi.com.au/fileadmin/_processed_/6/d/csm_1001961-2_SEASONAL_1x1_228x128_B3_15_RET_5cbe335400.png",
    "price": 7.99,
    "quantity": 1,
    "unitPrice": 7.99
  },
  {
    "name": "Milfina Mix Bix Variety Pack",
    "url": "https://www.aldi.com.au/en/groceries/seasonal-range/seasonal-range-detail/ps/p/milfina-mix-bix-variety-pack-8pk631ml/",
    "img": "https://www.aldi.com.au/fileadmin/_processed_/8/4/csm_1001961-2_SEASONAL_1x1_228x128_B3_16_RET_R_dde929063f.png",
    "price": 4.99,
    "quantity": 0.631,
    "unitPrice": 7.91
  },
  {
    "name": "Sweet Haven Strudels Assorted Varieties",
    "url": "https://www.aldi.com.au/en/groceries/seasonal-range/seasonal-range-detail/ps/p/sweet-haven-strudels-assorted-varieties-600g/",
    "img": "https://www.aldi.com.au/fileadmin/_processed_/e/e/csm_1001961-2_SEASONAL_1x1_228x128_B3_17_RET_R_aca3264fd3.png",
    "price": 5.49,
    "quantity": 0.6,
    "unitPrice": 9.15
  },
  {
    "name": "The Soup Co. Minestrone or Veg Soup",
    "url": "https://www.aldi.com.au/en/groceries/seasonal-range/seasonal-range-detail/ps/p/the-soup-co-minestrone-or-veg-soup-500g-505g/",
    "img": "https://www.aldi.com.au/fileadmin/_processed_/8/b/csm_1001961-2_SEASONAL_1x1_228x128_B3_18_RET_8f8b713613.png",
    "price": 1.89,
    "quantity": 0.505,
    "unitPrice": 3.74
  },
  {
    "name": "The Fresh Veggie Co Teriyaki Stir Fry Kit",
    "url": "https://www.aldi.com.au/en/groceries/seasonal-range/seasonal-range-detail/ps/p/the-fresh-veggie-co-teriyaki-stir-fry-kit-350g/",
    "img": "https://www.aldi.com.au/fileadmin/_processed_/0/3/csm_1001961-2_SEASONAL_1x1_228x128_B3_19_RET_2870b8790e.png",
    "price": 3.99,
    "quantity": 0.35,
    "unitPrice": 11.4
  },
  {
    "name": "Knoppers NutBar 3pk",
    "url": "https://www.aldi.com.au/en/groceries/seasonal-range/seasonal-range-detail/ps/p/knoppers-nutbar-3pk-120g/",
    "img": "https://www.aldi.com.au/fileadmin/_processed_/2/7/csm_1001961-2_SEASONAL_1x1_228x128_B2_1_RET_6f181ba3e1.jpg",
    "price": 1,
    "quantity": 0.12,
    "unitPrice": 8.33
  },
  {
    "name": "McVitie's Digestives Choc Tops Milk Chocolate",
    "url": "https://www.aldi.com.au/en/groceries/seasonal-range/seasonal-range-detail/ps/p/mcvities-digestives-choc-tops-milk-chocolate-100g/",
    "img": "https://www.aldi.com.au/fileadmin/_processed_/c/d/csm_1001961-2_SEASONAL_1x1_228x128_B2_2_RET_f71c4efb29.jpg",
    "price": 1.59,
    "quantity": 0.1,
    "unitPrice": 15.9
  },
  {
    "name": "McVitie's Digestives Choc Tops Dark Chocolate",
    "url": "https://www.aldi.com.au/en/groceries/seasonal-range/seasonal-range-detail/ps/p/mcvities-digestives-choc-tops-dark-chocolate-100g/",
    "img": "https://www.aldi.com.au/fileadmin/_processed_/7/0/csm_1001961-2_SEASONAL_1x1_228x128_B2_3_RET_9a13554e5a.jpg",
    "price": 1.59,
    "quantity": 0.1,
    "unitPrice": 15.9
  },
  {
    "name": "McVitie's Penguin Biscuit Bars",
    "url": "https://www.aldi.com.au/en/groceries/seasonal-range/seasonal-range-detail/ps/p/mcvities-penguin-biscuit-bars-6pk/",
    "img": "https://www.aldi.com.au/fileadmin/_processed_/d/5/csm_1001961-2_SEASONAL_1x1_228x128_B2_4_RET_f2021dde63.jpg",
    "price": 2.99,
    "quantity": 6,
    "unitPrice": 0.5
  },
  {
    "name": "McVitie's Digestive Thins Milk Chocolate",
    "url": "https://www.aldi.com.au/en/groceries/seasonal-range/seasonal-range-detail/ps/p/mcvities-digestive-thins-milk-chocolate-150g/",
    "img": "https://www.aldi.com.au/fileadmin/_processed_/4/5/csm_1001961-2_SEASONAL_1x1_228x128_B2_5_RET_1346cd727c.jpg",
    "price": 2.99,
    "quantity": 0.15,
    "unitPrice": 19.93
  },
  {
    "name": "McVitie's Digestive Thins Dark Chocolate",
    "url": "https://www.aldi.com.au/en/groceries/seasonal-range/seasonal-range-detail/ps/p/mcvities-digestive-thins-dark-chocolate-150g/",
    "img": "https://www.aldi.com.au/fileadmin/_processed_/b/5/csm_1001961-2_SEASONAL_1x1_228x128_B2_6_RET_956c99dab8.jpg",
    "price": 2.99,
    "quantity": 0.15,
    "unitPrice": 19.93
  },
  {
    "name": "Schulstad Mini Croissants",
    "url": "https://www.aldi.com.au/en/groceries/seasonal-range/seasonal-range-detail/ps/p/schulstad-mini-croissants-8pk160g/",
    "img": "https://www.aldi.com.au/fileadmin/_processed_/2/3/csm_1001961-2_SEASONAL_1x1_228x128_B2_8_RET_c2ee3fef02.jpg",
    "price": 3.49,
    "quantity": 0.16,
    "unitPrice": 21.81
  },
  {
    "name": "Streets Viennetta Birthday Cake",
    "url": "https://www.aldi.com.au/en/groceries/seasonal-range/seasonal-range-detail/ps/p/streets-viennetta-birthday-cake-650ml/",
    "img": "https://www.aldi.com.au/fileadmin/_processed_/7/9/csm_1001961-2_SEASONAL_1x1_228x128_B2_10_RET_9a6a35f8d0.jpg",
    "price": 5.99,
    "quantity": 0.65,
    "unitPrice": 9.22
  },
  {
    "name": "Streets Cyclone",
    "url": "https://www.aldi.com.au/en/groceries/seasonal-range/seasonal-range-detail/ps/p/streets-cyclone-6pk516ml/",
    "img": "https://www.aldi.com.au/fileadmin/_processed_/f/4/csm_1001961-2_SEASONAL_1x1_228x128_B2_11_RET_2209491862.jpg",
    "price": 5.99,
    "quantity": 0.516,
    "unitPrice": 11.61
  },
  {
    "name": "Diego's Street Taco",
    "url": "https://www.aldi.com.au/en/groceries/seasonal-range/seasonal-range-detail/ps/p/diegos-street-taco-15pk450g/",
    "img": "https://www.aldi.com.au/fileadmin/_processed_/3/8/csm_1001961-2_SEASONAL_1x1_228x128_B2_12_RET_0803e1183f.jpg",
    "price": 3.99,
    "quantity": 0.45,
    "unitPrice": 8.87
  },
  {
    "name": "Urban Eats Pho Bowl Chicken or Vegetable",
    "url": "https://www.aldi.com.au/en/groceries/seasonal-range/seasonal-range-detail/ps/p/urban-eats-pho-bowl-chicken-or-vegetable-75g/",
    "img": "https://www.aldi.com.au/fileadmin/_processed_/7/e/csm_1001961-2_SEASONAL_1x1_228x128_9_RET_68398dbc97.png",
    "price": 1.99,
    "quantity": 0.075,
    "unitPrice": 26.53
  },
  {
    "name": "New Season Whole Baby Beets",
    "url": "https://www.aldi.com.au/en/groceries/seasonal-range/seasonal-range-detail/ps/p/new-season-whole-baby-beets-330g/",
    "img": "https://www.aldi.com.au/fileadmin/_processed_/f/a/csm_1001961-2_SEASONAL_1x1_228x128_12_RET_54bb10b607.png",
    "price": 1.99,
    "quantity": 0.33,
    "unitPrice": 6.03
  },
  {
    "name": "Ocean Rise Smoked Sardine Sprats Oil, Hot Chilli or Tomato Sauce",
    "url": "https://www.aldi.com.au/en/groceries/seasonal-range/seasonal-range-detail/ps/p/ocean-rise-smoked-sardine-sprats-oil-hot-chilli-or/",
    "img": "https://www.aldi.com.au/fileadmin/_processed_/8/f/csm_1001961-2_SEASONAL_1x1_228x128_15_RET_8a5f142b35.png",
    "price": 2.49,
    "quantity": 0.11,
    "unitPrice": 22.64
  },
  {
    "name": "White Mill Self Saucing Pudding Mix Chocolate, Butterscotch or Sticky Date",
    "url": "https://www.aldi.com.au/en/groceries/seasonal-range/seasonal-range-detail/ps/p/white-mill-self-saucing-pudding-mix-chocolate-butt/",
    "img": "https://www.aldi.com.au/fileadmin/_processed_/9/6/csm_1001961-2_SEASONAL_1x1_228x128_16_RET_64f1d3e2fe.png",
    "price": 1.99,
    "quantity": 0.26,
    "unitPrice": 7.65
  },
  {
    "name": "Bakers Life Spiced Fruit Buns 450g",
    "url": "https://www.aldi.com.au/en/groceries/seasonal-range/seasonal-range-detail/ps/p/bakers-life-spiced-fruit-buns-450g-6pk/",
    "img": "https://www.aldi.com.au/fileadmin/_processed_/3/f/csm_1001961-2_SEASONAL_1x1_228x128_17_RET_3799558940.png",
    "price": 3.69,
    "quantity": 6,
    "unitPrice": 0.62
  },
  {
    "name": "Emporium Selection Crumbed Camembert with Cranberry Dip",
    "url": "https://www.aldi.com.au/en/groceries/seasonal-range/seasonal-range-detail/ps/p/emporium-selection-crumbed-camembert-with-cranberr/",
    "img": "https://www.aldi.com.au/fileadmin/_processed_/0/3/csm_1001961-2_SEASONAL_1x1_228x128_19_RET_03ede04d05.png",
    "price": 4.49,
    "quantity": 0.2,
    "unitPrice": 22.45
  },
  {
    "name": "Dairy Fine Milk Chocolate Bites Coated Salted Pretzel or Peanut & Flake Clusters",
    "url": "https://www.aldi.com.au/en/groceries/seasonal-range/seasonal-range-detail/ps/p/dairy-fine-milk-chocolate-bites-coated-salted-pret/",
    "img": "https://www.aldi.com.au/fileadmin/_processed_/6/d/csm_1001961-2_SEASONAL_1x1_228x128_21_RET_2565abd6d0.png",
    "price": 2.49,
    "quantity": 0.11,
    "unitPrice": 22.64
  },
  {
    "name": "Milfina Tropical Stackerz",
    "url": "https://www.aldi.com.au/en/groceries/seasonal-range/seasonal-range-detail/ps/p/milfina-tropical-stackerz-8pk530ml/",
    "img": "https://www.aldi.com.au/fileadmin/_processed_/6/b/csm_1001961-2_SEASONAL_1x1_228x128_30_RET_6560c8b5e7.png",
    "price": 4.99,
    "quantity": 0.53,
    "unitPrice": 9.42
  },
  {
    "name": "Farmwood Southern Style Chicken Tenders",
    "url": "https://www.aldi.com.au/en/groceries/seasonal-range/seasonal-range-detail/ps/p/farmwood-southern-style-chicken-tenders-1kg/",
    "img": "https://www.aldi.com.au/fileadmin/_processed_/c/2/csm_1001961-2_SEASONAL_1x1_228x128_33_RET_68d1c76041.png",
    "price": 9.99,
    "quantity": 1,
    "unitPrice": 9.99
  },
  {
    "name": "Forresters Bar Mix",
    "url": "https://www.aldi.com.au/en/groceries/seasonal-range/seasonal-range-detail/ps/p/forresters-bar-mix-375g/",
    "img": "https://www.aldi.com.au/fileadmin/_processed_/3/a/csm_1001961-2_SEASONAL_1x1_228x128_41_RET_8005e4a9ed.png",
    "price": 3.99,
    "quantity": 0.375,
    "unitPrice": 10.64
  },
  {
    "name": "Hart & Soul Pouched Soups",
    "url": "https://www.aldi.com.au/en/groceries/seasonal-range/seasonal-range-detail/ps/p/hart-soul-pouched-soups-400g/",
    "img": "https://www.aldi.com.au/fileadmin/_processed_/1/f/csm_1001961-2_SEASONAL_1x1_228x128_42_RET_979e9df7d6.png",
    "price": 3.3,
    "quantity": 0.4,
    "unitPrice": 8.25
  },
  {
    "name": "McKormick Air Fryer Seasonings",
    "url": "https://www.aldi.com.au/en/groceries/seasonal-range/seasonal-range-detail/ps/p/mckormick-air-fryer-seasonings-85g95g/",
    "img": "https://www.aldi.com.au/fileadmin/_processed_/9/2/csm_1001961-2_SEASONAL_1x1_228x128_43_RET_d8647b7c6b.png",
    "price": 2.29,
    "quantity": 0.095,
    "unitPrice": 24.11
  },
  {
    "name": "Juice Lab Immunity Shots",
    "url": "https://www.aldi.com.au/en/groceries/seasonal-range/seasonal-range-detail/ps/p/juice-lab-immunity-shots-180ml/",
    "img": "https://www.aldi.com.au/fileadmin/_processed_/2/9/csm_1001961-2_SEASONAL_1x1_228x128_B3_10_RET_aa836a91b3.png",
    "price": 5.99,
    "quantity": 0.18,
    "unitPrice": 33.28
  },
  {
    "name": "Lavazza Prontissimo Intenso/Espresso",
    "url": "https://www.aldi.com.au/en/groceries/seasonal-range/seasonal-range-detail/ps/p/lavazza-prontissimo-intensoespresso-95g/",
    "img": "https://www.aldi.com.au/fileadmin/_processed_/9/4/csm_1001961-2_SEASONAL_1x1_228x128_B2_7_RET_a8d7e075ab.jpg",
    "price": 6.99,
    "quantity": 0.095,
    "unitPrice": 73.58
  },
  {
    "name": "Dairy Fine Drinking Chocolate",
    "url": "https://www.aldi.com.au/en/groceries/seasonal-range/seasonal-range-detail/ps/p/dairy-fine-drinking-chocolate-400g/",
    "img": "https://www.aldi.com.au/fileadmin/_processed_/1/8/csm_1001961-2_SEASONAL_1x1_228x128_2_RET_d4456d2a23.png",
    "price": 2.99,
    "quantity": 0.4,
    "unitPrice": 7.48
  },
  {
    "name": "Expressi Chai Latte Capsules",
    "url": "https://www.aldi.com.au/en/groceries/seasonal-range/seasonal-range-detail/ps/p/expressi-chai-latte-capsules-16pk/",
    "img": "https://www.aldi.com.au/fileadmin/_processed_/9/d/csm_1001961-2_SEASONAL_1x1_228x128_4_RET_382dcd3a6a.png",
    "price": 6.99,
    "quantity": 16,
    "unitPrice": 0.44
  },
  {
    "name": "Expressi Caramel Mocha Coffee Capsules",
    "url": "https://www.aldi.com.au/en/groceries/seasonal-range/seasonal-range-detail/ps/p/expressi-caramel-mocha-coffee-capsules-16pk-1/",
    "img": "https://www.aldi.com.au/fileadmin/_processed_/2/d/csm_1001961-2_SEASONAL_1x1_228x128_5_RET_fd4a94c91c.png",
    "price": 6.99,
    "quantity": 16,
    "unitPrice": 0.44
  },
  {
    "name": "Moccona Coffee Sachets",
    "url": "https://www.aldi.com.au/en/groceries/seasonal-range/seasonal-range-detail/ps/p/moccona-coffee-sachets-20pk-2/",
    "img": "https://www.aldi.com.au/fileadmin/_processed_/0/1/csm_1001961-2_SEASONAL_1x1_228x128_26_RET_791a294733.png",
    "price": 7.99,
    "quantity": 20,
    "unitPrice": 0.4
  },
  {
    "name": "Nivea APD Roll On Black and White",
    "url": "https://www.aldi.com.au/en/groceries/seasonal-range/seasonal-range-detail/ps/p/nivea-apd-roll-on-black-and-white-50ml/",
    "img": "https://www.aldi.com.au/fileadmin/_processed_/2/d/csm_1001961-2_SEASONAL_1x1_228x128_B2_13_RET_8ac4f9fe5a.jpg",
    "price": 3.29,
    "quantity": 0.05,
    "unitPrice": 65.8
  },
  {
    "name": "Vaseline Petroleum Jelly",
    "url": "https://www.aldi.com.au/en/groceries/seasonal-range/seasonal-range-detail/ps/p/vaseline-petroleum-jelly-3x7g/",
    "img": "https://www.aldi.com.au/fileadmin/_processed_/0/3/csm_1001961-2_SEASONAL_1x1_228x128_B2_14_RET_4724e90eab.jpg",
    "price": 3.99,
    "quantity": 0.007,
    "unitPrice": 570
  },
  {
    "name": "Protane Premium Shower Cap Assorted",
    "url": "https://www.aldi.com.au/en/groceries/seasonal-range/seasonal-range-detail/ps/p/protane-premium-shower-cap-assorted-designs/",
    "img": "https://www.aldi.com.au/fileadmin/_processed_/5/7/csm_1001961-2_SEASONAL_1x1_228x128_1_RET_c3399d4dff.png",
    "price": 3.49,
    "unitPrice": null
  },
  {
    "name": "Lacura Beauty Pedicure Implements",
    "url": "https://www.aldi.com.au/en/groceries/seasonal-range/seasonal-range-detail/ps/p/lacura-beauty-pedicure-implements-assorted/",
    "img": "https://www.aldi.com.au/fileadmin/_processed_/0/a/csm_1001961-2_SEASONAL_1x1_228x128_3_RET_R_a195d1fc96.png",
    "price": 3.99,
    "unitPrice": null
  },
  {
    "name": "Lacura Beauty Accessories",
    "url": "https://www.aldi.com.au/en/groceries/seasonal-range/seasonal-range-detail/ps/p/lacura-beauty-accessories-assorted/",
    "img": "https://www.aldi.com.au/fileadmin/_processed_/c/6/csm_1001961-2_SEASONAL_1x1_228x128_20_RET_3e19ce3d9f.png",
    "price": 2.99,
    "unitPrice": null
  },
  {
    "name": "Skin Republic Face Sheet Mask Assorted",
    "url": "https://www.aldi.com.au/en/groceries/seasonal-range/seasonal-range-detail/ps/p/skin-republic-face-sheet-mask-assorted-20-25ml/",
    "img": "https://www.aldi.com.au/fileadmin/_processed_/e/8/csm_1001961-2_SEASONAL_1x1_228x128_22_RET_471f41c303.png",
    "price": 4.99,
    "quantity": 0.025,
    "unitPrice": 199.6
  },
  {
    "name": "Skin Republic Assorted Eye and Spot",
    "url": "https://www.aldi.com.au/en/groceries/seasonal-range/seasonal-range-detail/ps/p/skin-republic-assorted-eye-and-spot-masks/",
    "img": "https://www.aldi.com.au/fileadmin/_processed_/a/3/csm_1001961-2_SEASONAL_1x1_228x128_23_RET_e5d73924a7.png",
    "price": 6.99,
    "unitPrice": null
  },
  {
    "name": "Aveeno Daily Moisture Body Wash",
    "url": "https://www.aldi.com.au/en/groceries/seasonal-range/seasonal-range-detail/ps/p/aveeno-daily-moisture-body-wash-354ml/",
    "img": "https://www.aldi.com.au/fileadmin/_processed_/7/f/csm_1001961-2_SEASONAL_1x1_228x128_27_RET_3624fdbc90.png",
    "price": 7,
    "quantity": 0.354,
    "unitPrice": 19.77
  },
  {
    "name": "Schick Hydro Silk Touch",
    "url": "https://www.aldi.com.au/en/groceries/seasonal-range/seasonal-range-detail/ps/p/schick-hydro-silk-touch-3pk/",
    "img": "https://www.aldi.com.au/fileadmin/_processed_/6/c/csm_1001961-2_SEASONAL_1x1_228x128_28_RET_a36897757c.png",
    "price": 9.49,
    "quantity": 3,
    "unitPrice": 3.16
  },
  {
    "name": "Choceur Chocolate Bits",
    "url": "https://www.aldi.com.au/en/groceries/price-reductions/reductions-detail/ps/p/choceur-chocolate-bits-250g/",
    "img": "https://www.aldi.com.au/fileadmin/_processed_/0/0/csm_1002153_REDUCTIONS_R21_1x1_228x128_1_RET_9c31ce54c9.png",
    "price": 2.2,
    "quantity": 0.25,
    "unitPrice": 8.8
  },
  {
    "name": "Tricare Instant Hand Sanitiser",
    "url": "https://www.aldi.com.au/en/groceries/price-reductions/reductions-detail/ps/p/tricare-instant-hand-sanitiser-250ml-4/",
    "img": "https://www.aldi.com.au/fileadmin/_processed_/9/9/csm_1002153_REDUCTIONS_R20_1x1_228x128_1_RET_f9537d61a3.png",
    "price": 2,
    "quantity": 0.25,
    "unitPrice": 8
  },
  {
    "name": "Tricare Foaming Hand Wash Refill",
    "url": "https://www.aldi.com.au/en/groceries/price-reductions/reductions-detail/ps/p/tricare-foaming-hand-wash-refill-500ml-1/",
    "img": "https://www.aldi.com.au/fileadmin/_processed_/0/3/csm_1002153_REDUCTIONS_R19_1x1_228x128_1_RET_b97254b120.png",
    "price": 1,
    "quantity": 0.5,
    "unitPrice": 2
  },
  {
    "name": "White Mill Vanilla Extract",
    "url": "https://www.aldi.com.au/en/groceries/price-reductions/reductions-detail/ps/p/white-mill-vanilla-extract-100ml/",
    "img": "https://www.aldi.com.au/fileadmin/_processed_/3/f/csm_1002153_REDUCTIONS_R19_1x1_228x128_2_RET_bff0bd22ed.png",
    "price": 4.5,
    "quantity": 0.1,
    "unitPrice": 45
  },
  {
    "name": "L'OR Nespresso Compatible Coffee Capsules 3x10",
    "url": "https://www.aldi.com.au/en/groceries/price-reductions/reductions-detail/ps/p/lor-nespresso-compatible-coffee-capsules-3x10-pack/",
    "img": "https://www.aldi.com.au/fileadmin/_processed_/2/6/csm_1002153_REDUCTIONS_R18_1x1_228x128_1_RET_729ba70a0f.png",
    "price": 14,
    "unitPrice": null
  },
  {
    "name": "Deli Originals Greek Style Dolmades",
    "url": "https://www.aldi.com.au/en/groceries/price-reductions/reductions-detail/ps/p/deli-originals-greek-style-dolmades-280g/",
    "img": "https://www.aldi.com.au/fileadmin/_processed_/0/5/csm_1002153_REDUCTIONS_R18_1x1_228x128_2_RET_d45eed554f.png",
    "price": 3.2,
    "quantity": 0.28,
    "unitPrice": 11.43
  },
  {
    "name": "Emporium Selection Goats Cheese Sliced",
    "url": "https://www.aldi.com.au/en/groceries/price-reductions/reductions-detail/ps/p/emporium-selection-goats-cheese-sliced-150g/",
    "img": "https://www.aldi.com.au/fileadmin/_processed_/7/c/csm_1002153_REDUCTIONS_R17_1x1_228x128_1_RET_a638f79092.png",
    "price": 4.4,
    "quantity": 0.15,
    "unitPrice": 29.33
  },
  {
    "name": "The Fresh Salad Co Baby Spinach & Rocket",
    "url": "https://www.aldi.com.au/en/groceries/price-reductions/reductions-detail/ps/p/the-fresh-salad-co-baby-spinach-rocket-120g/",
    "img": "https://www.aldi.com.au/fileadmin/_processed_/9/e/csm_1002153_REDUCTIONS_R16_1x1_228x128_1_RET_e9231884e2.png",
    "price": 1.5,
    "quantity": 0.12,
    "unitPrice": 12.5
  },
  {
    "name": "The Fresh Salad Co Rocket",
    "url": "https://www.aldi.com.au/en/groceries/price-reductions/reductions-detail/ps/p/the-fresh-salad-co-rocket-120g/",
    "img": "https://www.aldi.com.au/fileadmin/_processed_/6/e/csm_1002153_REDUCTIONS_R16_1x1_228x128_2_RET_d1b6edd05f.png",
    "price": 1.5,
    "quantity": 0.12,
    "unitPrice": 12.5
  },
  {
    "name": "The Fresh Salad Co Superleaf Salad Mix",
    "url": "https://www.aldi.com.au/en/groceries/price-reductions/reductions-detail/ps/p/the-fresh-salad-co-superleaf-salad-mix-120g/",
    "img": "https://www.aldi.com.au/fileadmin/_processed_/3/8/csm_1002153_REDUCTIONS_R16_1x1_228x128_3_RET_d81e808aa2.png",
    "price": 1.5,
    "quantity": 0.12,
    "unitPrice": 12.5
  },
  {
    "name": "The Fresh Salad Co Baby Leaf Blend",
    "url": "https://www.aldi.com.au/en/groceries/price-reductions/reductions-detail/ps/p/the-fresh-salad-co-baby-leaf-blend-300g/",
    "img": "https://www.aldi.com.au/fileadmin/_processed_/8/9/csm_1002153_REDUCTIONS_R16_1x1_228x128_4_RET_84388ef643.png",
    "price": 3.5,
    "quantity": 0.3,
    "unitPrice": 11.67
  },
  {
    "name": "White Mill Cornflour",
    "url": "https://www.aldi.com.au/en/groceries/price-reductions/reductions-detail/ps/p/white-mill-cornflour-500g/",
    "img": "https://www.aldi.com.au/fileadmin/_processed_/0/a/csm_1002153_REDUCTIONS_R16_1x1_228x128_5_RET_5161ee5864.jpg",
    "price": 2.1,
    "quantity": 0.5,
    "unitPrice": 4.2
  },
  {
    "name": "The Fresh Salad Co Baby Spinach",
    "url": "https://www.aldi.com.au/en/groceries/price-reductions/reductions-detail/ps/p/the-fresh-salad-co-baby-spinach-120g-5/",
    "img": "https://www.aldi.com.au/fileadmin/_processed_/4/3/csm_1000341-15_REDUCTIONS_FUTURE-PRICE-_RND15__1x1_228x128_1_RET_ba404bd6b1.png",
    "price": 1.5,
    "quantity": 0.12,
    "unitPrice": 12.5
  },
  {
    "name": "The Fresh Salad Co Baby Spinach",
    "url": "https://www.aldi.com.au/en/groceries/price-reductions/reductions-detail/ps/p/the-fresh-salad-co-baby-spinach-280g/",
    "img": "https://www.aldi.com.au/fileadmin/_processed_/1/4/csm_1000341-15_REDUCTIONS_FUTURE-PRICE-_RND15__1x1_228x128_2_RET_3421421a75.png",
    "price": 3.5,
    "quantity": 0.28,
    "unitPrice": 12.5
  },
  {
    "name": "Jindurra Station Gravy Beef per",
    "url": "https://www.aldi.com.au/en/groceries/price-reductions/reductions-detail/ps/p/jindurra-station-gravy-beef-per-kg/",
    "img": "https://www.aldi.com.au/fileadmin/_processed_/6/1/csm_1000341-14_REDUCTIONS_FUTURE-PRICE-_RND14__1x1_228x128_2_ad4d695f49.png",
    "price": 16.5,
    "unitPrice": null
  },
  {
    "name": "Farmwood Chicken Breast T-Rex Bites",
    "url": "https://www.aldi.com.au/en/groceries/price-reductions/reductions-detail/ps/p/farmwood-chicken-breast-t-rex-bites-1kg/",
    "img": "https://www.aldi.com.au/fileadmin/_processed_/c/2/csm_1000341-12_REDUCTIONS_FUTURE-PRICE-_RND12__1x1_228x128_2_RET_ad27cb9422.png",
    "price": 9.5,
    "quantity": 1,
    "unitPrice": 9.5
  },
  {
    "name": "Dominion Naturals Ropes",
    "url": "https://www.aldi.com.au/en/groceries/price-reductions/reductions-detail/ps/p/dominion-naturals-ropes-8pk160g/",
    "img": "https://www.aldi.com.au/fileadmin/_processed_/e/e/csm_1000341-10_REDUCTIONS_FUTURE-PRICE-_RND10__1x1_228x128_1_RET_a291c05f97.png",
    "price": 3.3,
    "quantity": 0.16,
    "unitPrice": 20.63
  },
  {
    "name": "Dominion Naturals Shapes",
    "url": "https://www.aldi.com.au/en/groceries/price-reductions/reductions-detail/ps/p/dominion-naturals-shapes-8pk160g/",
    "img": "https://www.aldi.com.au/fileadmin/_processed_/3/c/csm_1000341-10_REDUCTIONS_FUTURE-PRICE-_RND10__1x1_228x128_2_RET_8be1dd4597.png",
    "price": 3.3,
    "quantity": 0.16,
    "unitPrice": 20.63
  },
  {
    "name": "The Cake Stall Muffin Bars",
    "url": "https://www.aldi.com.au/en/groceries/price-reductions/reductions-detail/ps/p/the-cake-stall-muffin-bars-10pk420g/",
    "img": "https://www.aldi.com.au/fileadmin/_processed_/f/3/csm_1000341-9_REDUCTIONS_FUTURE-PRICE-_RND9__1x1_228x128_1_RET_a3c2ba0bc4.png",
    "price": 4.7,
    "quantity": 0.42,
    "unitPrice": 11.19
  },
  {
    "name": "Ocean Royale Calamari Rings",
    "url": "https://www.aldi.com.au/en/groceries/price-reductions/reductions-detail/ps/p/ocean-royale-calamari-rings-400g/",
    "img": "https://www.aldi.com.au/fileadmin/_processed_/5/7/csm_1000341-8_REDUCTIONS_FUTURE-PRICE-_RND8__1x1_228x128_RET_ba412f86ea.png",
    "price": 4.5,
    "quantity": 0.4,
    "unitPrice": 11.25
  },
  {
    "name": "Ocean Royale Wild Raw Peeled Prawns",
    "url": "https://www.aldi.com.au/en/groceries/price-reductions/reductions-detail/ps/p/ocean-royale-wild-raw-peeled-prawns-500g-1/",
    "img": "https://www.aldi.com.au/fileadmin/_processed_/b/f/csm_1000341-7_REDUCTIONS_FUTURE-PRICE-_RND7__1x1_228x128__6817a5ece1.jpg",
    "price": 18,
    "quantity": 0.5,
    "unitPrice": 36
  },
  {
    "name": "Ocean Royale Salmon Wellington",
    "url": "https://www.aldi.com.au/en/groceries/price-reductions/reductions-detail/ps/p/ocean-royale-salmon-wellington-280g/",
    "img": "https://www.aldi.com.au/fileadmin/_processed_/5/a/csm_1000341-7_REDUCTIONS_FUTURE-PRICE-_RND7__1x1_228x128_2_b296e20085.jpg",
    "price": 6,
    "quantity": 0.28,
    "unitPrice": 21.43
  },
  {
    "name": "Elmsbury Crispy Microwave Sausage Roll",
    "url": "https://www.aldi.com.au/en/groceries/price-reductions/reductions-detail/ps/p/elmsbury-crispy-microwave-sausage-roll-1pk175g-1/",
    "img": "https://www.aldi.com.au/fileadmin/_processed_/2/1/csm_1000341-6_REDUCTIONS_FUTURE-PRICE-_RND6__1x1_228x128__3dc28c84e5.jpg",
    "price": 1.3,
    "quantity": 0.175,
    "unitPrice": 7.43
  },
  {
    "name": "My Dog Dog Food",
    "url": "https://www.aldi.com.au/en/groceries/price-reductions/reductions-detail/ps/p/my-dog-dog-food-85g/",
    "img": "https://www.aldi.com.au/fileadmin/_processed_/4/0/csm_1000341-6_REDUCTIONS_FUTURE-PRICE-_RND6__1x1_228x128_2_7b09828f24.jpg",
    "price": 1.2,
    "quantity": 0.085,
    "unitPrice": 14.12
  },
  {
    "name": "Ocean Royale Cooked Prawn Cutlets",
    "url": "https://www.aldi.com.au/en/groceries/price-reductions/reductions-detail/ps/p/ocean-royale-cooked-prawn-cutlets-500g/",
    "img": "https://www.aldi.com.au/fileadmin/_processed_/c/7/csm_1000341-6_REDUCTIONS_FUTURE-PRICE-_RND6__1x1_228x128_3_78074ae919.jpg",
    "price": 12,
    "quantity": 0.5,
    "unitPrice": 24
  },
  {
    "name": "Forresters Roasted & Salted Macadamias",
    "url": "https://www.aldi.com.au/en/groceries/price-reductions/reductions-detail/ps/p/forresters-roasted-salted-macadamias-400g/",
    "img": "https://www.aldi.com.au/fileadmin/_processed_/f/6/csm_1000341-5_REDUCTIONS_FUTURE-PRICE-_RND5__1x1_228x128__bdc1ba4990.jpg",
    "price": 13,
    "quantity": 0.4,
    "unitPrice": 32.5
  },
  {
    "name": "Libra Ultra Thin Pads",
    "url": "https://www.aldi.com.au/en/groceries/price-reductions/reductions-detail/ps/p/libra-ultra-thin-pads-14pk12pk10pk/",
    "img": "https://www.aldi.com.au/fileadmin/_processed_/9/8/csm_1000341-5_REDUCTIONS_FUTURE-PRICE-_RND5__1x1_228x128_2_70d6007ef2.jpg",
    "price": 3.5,
    "quantity": 10,
    "unitPrice": 0.35
  },
  {
    "name": "Libra Extra Pads",
    "url": "https://www.aldi.com.au/en/groceries/price-reductions/reductions-detail/ps/p/libra-extra-pads-14pk12pk10pk/",
    "img": "https://www.aldi.com.au/fileadmin/_processed_/2/3/csm_1000341-5_REDUCTIONS_FUTURE-PRICE-_RND5__1x1_228x128_3_a995d350e6.jpg",
    "price": 3.5,
    "quantity": 10,
    "unitPrice": 0.35
  },
  {
    "name": "Green Action Toilet Cleaner",
    "url": "https://www.aldi.com.au/en/groceries/price-reductions/reductions-detail/ps/p/green-action-toilet-cleaner-700ml/",
    "img": "https://www.aldi.com.au/fileadmin/_processed_/7/f/csm_1000341-5_REDUCTIONS_FUTURE-PRICE-_RND5__1x1_228x128_4_9eec2821f6.jpg",
    "price": 2.3,
    "quantity": 0.7,
    "unitPrice": 3.29
  },
  {
    "name": "Inner Goodness Oat Milk",
    "url": "https://www.aldi.com.au/en/groceries/price-reductions/reductions-detail/ps/p/inner-goodness-oat-milk-1l/",
    "img": "https://www.aldi.com.au/fileadmin/_processed_/a/a/csm_1000341-1_REDUCTIONS_FUTURE-PRICE-_RND3__1x1_228x128__dde1653925.jpg",
    "price": 2.2,
    "quantity": 1,
    "unitPrice": 2.2
  },
  {
    "name": "Inner Goodness Unsweetened Almond Milk",
    "url": "https://www.aldi.com.au/en/groceries/price-reductions/reductions-detail/ps/p/inner-goodness-unsweetened-almond-milk-1l/",
    "img": "https://www.aldi.com.au/fileadmin/_processed_/8/4/csm_1000341-1_REDUCTIONS_FUTURE-PRICE-_RND3__1x1_228x128_2_91119c8c5d.jpg",
    "price": 2.2,
    "quantity": 1,
    "unitPrice": 2.2
  },
  {
    "name": "Power Force Disinfectant Wipes",
    "url": "https://www.aldi.com.au/en/groceries/price-reductions/reductions-detail/ps/p/power-force-disinfectant-wipes-100pk/",
    "img": "https://www.aldi.com.au/fileadmin/_processed_/a/b/csm_1000341-1_REDUCTIONS_FUTURE-PRICE-_RND3__1x1_228x128_3_e29e261923.jpg",
    "price": 4.3,
    "quantity": 100,
    "unitPrice": 0.04
  },
  {
    "name": "Forresters Natural Macadamias",
    "url": "https://www.aldi.com.au/en/groceries/price-reductions/reductions-detail/ps/p/forresters-natural-macadamias-400g/",
    "img": "https://www.aldi.com.au/fileadmin/_processed_/c/3/csm_1000341-1_REDUCTIONS_FUTURE-PRICE-_RND3__1x1_228x128_4_19d8d80b39.jpg",
    "price": 13,
    "quantity": 0.4,
    "unitPrice": 32.5
  },
  {
    "name": "Who Gives a Crap Bamboo Toilet Paper",
    "url": "https://www.aldi.com.au/en/groceries/price-reductions/reductions-detail/ps/p/who-gives-a-crap-bamboo-toilet-paper-12pk/",
    "img": "https://www.aldi.com.au/fileadmin/_processed_/6/3/csm_1000341-1_REDUCTIONS_FUTURE-PRICE-_RND2__1x1_228x128__7fcc0766bb.jpg",
    "price": 14,
    "quantity": 12,
    "unitPrice": 1.17
  },
  {
    "name": "Who Gives a Crap Recycled Toilet Paper",
    "url": "https://www.aldi.com.au/en/groceries/price-reductions/reductions-detail/ps/p/who-gives-a-crap-recycled-toilet-paper-12pk/",
    "img": "https://www.aldi.com.au/fileadmin/_processed_/4/1/csm_1000341-1_REDUCTIONS_FUTURE-PRICE-_RND2__1x1_228x128_2_e415048b34.jpg",
    "price": 13,
    "quantity": 12,
    "unitPrice": 1.08
  },
  {
    "name": "Berg Shredded Ham 2 x",
    "url": "https://www.aldi.com.au/en/groceries/price-reductions/reductions-detail/ps/p/berg-shredded-ham-2-x-150g/",
    "img": "https://www.aldi.com.au/fileadmin/_processed_/3/9/csm_1000341-1_REDUCTIONS_FUTURE-PRICE-_RND2__1x1_228x128_4_a6c6d0502e.jpg",
    "price": 3.5,
    "quantity": 0.15,
    "unitPrice": 23.33
  },
  {
    "name": "Berg Diced Bacon Pieces 2 x",
    "url": "https://www.aldi.com.au/en/groceries/price-reductions/reductions-detail/ps/p/berg-diced-bacon-pieces-2-x-150g/",
    "img": "https://www.aldi.com.au/fileadmin/_processed_/4/7/csm_1000341-1_REDUCTIONS_FUTURE-PRICE-_RND2__1x1_228x128_5_38a86ca059.jpg",
    "price": 3.7,
    "quantity": 0.15,
    "unitPrice": 24.67
  },
  {
    "name": "Farmwood Chicken Breast Schnitzel",
    "url": "https://www.aldi.com.au/en/groceries/price-reductions/reductions-detail/ps/p/farmwood-chicken-breast-schnitzel-4pk400g/",
    "img": "https://www.aldi.com.au/fileadmin/_processed_/2/1/csm_1000341-1_REDUCTIONS_FUTURE-PRICE-_RND2__1x1_228x128_3_ad5850e48e.jpg",
    "price": 3.5,
    "quantity": 0.4,
    "unitPrice": 8.75
  },
  {
    "name": "Taste Nation Marinated Pork Ribs",
    "url": "https://www.aldi.com.au/en/groceries/price-reductions/reductions-detail/ps/p/taste-nation-marinated-pork-ribs-700g-1/",
    "img": "https://www.aldi.com.au/fileadmin/_processed_/1/8/csm_1000341-1_REDUCTIONS_FUTURE-PRICE-_RND1__1x1_228x128__ff66684e3d.jpg",
    "price": 13,
    "quantity": 0.7,
    "unitPrice": 18.57
  },
  {
    "name": "MAMIA Embossed Baby Wipes",
    "url": "https://www.aldi.com.au/en/groceries/price-reductions/reductions-detail/ps/p/mamia-embossed-baby-wipes-80pk/",
    "img": "https://www.aldi.com.au/fileadmin/_processed_/0/c/csm_ALN3726-48_REDUCTIONS_FUTURE-PRICE-_RND26__1x1_228x128_2_b3759c943a.jpg",
    "price": 2.3,
    "quantity": 80,
    "unitPrice": 0.03
  },
  {
    "name": "Bakers Life Lower Carb High Protein Burger Buns",
    "url": "https://www.aldi.com.au/en/groceries/price-reductions/reductions-detail/ps/p/bakers-life-lower-carb-high-protein-burger-buns-14/",
    "img": "https://www.aldi.com.au/fileadmin/_processed_/7/f/csm_ALN3726-45_REDUCTIONS_FUTURE-PRICE-_RND23__1x1_228x128_2_d3dcfc28ff.jpg",
    "price": 1,
    "quantity": 2,
    "unitPrice": 0.5
  },
  {
    "name": "Oh So Natural Wholefoods Paleo or LSA Mix",
    "url": "https://www.aldi.com.au/en/groceries/price-reductions/reductions-detail/ps/p/oh-so-natural-wholefoods-paleo-or-lsa-mix-240g-250/",
    "img": "https://www.aldi.com.au/fileadmin/_processed_/b/1/csm_ALN3726-45_REDUCTIONS_FUTURE-PRICE-_RND23__1x1_228x128_3_6e618922e1.jpg",
    "price": 2.5,
    "quantity": 0.25,
    "unitPrice": 10
  },
  {
    "name": "Forresters Walnuts Natural",
    "url": "https://www.aldi.com.au/en/groceries/price-reductions/reductions-detail/ps/p/forresters-walnuts-natural-500g/",
    "img": "https://www.aldi.com.au/fileadmin/_processed_/5/e/csm_ALN3726-43_REDUCTIONS_FUTURE-PRICE-_RND22__1x1_228x128__ab00a4a30d.jpg",
    "price": 7.5,
    "quantity": 0.5,
    "unitPrice": 15
  },
  {
    "name": "Forresters Cashews",
    "url": "https://www.aldi.com.au/en/groceries/price-reductions/reductions-detail/ps/p/forresters-cashews-200g/",
    "img": "https://www.aldi.com.au/fileadmin/_processed_/7/b/csm_ALN3726-43_REDUCTIONS_FUTURE-PRICE-_RND22__1x1_228x128_2_3020d1664a.jpg",
    "price": 3.5,
    "quantity": 0.2,
    "unitPrice": 17.5
  },
  {
    "name": "Forresters Natural Mixed Nuts",
    "url": "https://www.aldi.com.au/en/groceries/price-reductions/reductions-detail/ps/p/forresters-natural-mixed-nuts-200g/",
    "img": "https://www.aldi.com.au/fileadmin/_processed_/7/e/csm_ALN3726-43_REDUCTIONS_FUTURE-PRICE-_RND22__1x1_228x128_3_0425015f03.jpg",
    "price": 10,
    "quantity": 0.2,
    "unitPrice": 50
  },
  {
    "name": "Westcliff Apple Raspberry Cordial",
    "url": "https://www.aldi.com.au/en/groceries/price-reductions/reductions-detail/ps/p/westcliff-apple-raspberry-cordial-1l-1/",
    "img": "https://www.aldi.com.au/fileadmin/_processed_/f/3/csm_ALN3726-43_REDUCTIONS_FUTURE-PRICE-_RND22__1x1_228x128_4_52812af991.jpg",
    "price": 2.6,
    "quantity": 1,
    "unitPrice": 2.6
  },
  {
    "name": "Westcliff Lime Cordial",
    "url": "https://www.aldi.com.au/en/groceries/price-reductions/reductions-detail/ps/p/westcliff-lime-cordial-1l/",
    "img": "https://www.aldi.com.au/fileadmin/_processed_/5/f/csm_ALN3726-43_REDUCTIONS_FUTURE-PRICE-_RND22__1x1_228x128_5_59c79c76f7.jpg",
    "price": 2.6,
    "quantity": 1,
    "unitPrice": 2.6
  },
  {
    "name": "Westacre Dairy Tasty Cheese Shredded",
    "url": "https://www.aldi.com.au/en/groceries/price-reductions/reductions-detail/ps/p/westacre-dairy-tasty-cheese-shredded-250g/",
    "img": "https://www.aldi.com.au/fileadmin/_processed_/0/2/csm_ALN3726-41_REDUCTIONS_FUTURE-PRICE-_RND21__1x1_228x128__13e92f630d.jpg",
    "price": 4.5,
    "quantity": 0.25,
    "unitPrice": 18
  },
  {
    "name": "Colway Flavoured Mayonnaise",
    "url": "https://www.aldi.com.au/en/groceries/price-reductions/reductions-detail/ps/p/colway-flavoured-mayonnaise-252g/",
    "img": "https://www.aldi.com.au/fileadmin/_processed_/5/f/csm_ALN3726-39_REDUCTIONS_FUTURE-PRICE-_RND20__1x1_228x128_2_6422473ad1.jpg",
    "price": 1.4,
    "quantity": 0.252,
    "unitPrice": 5.56
  },
  {
    "name": "Willowton Free Range Fresh Whole Chicken per",
    "url": "https://www.aldi.com.au/en/groceries/price-reductions/reductions-detail/ps/p/willowton-free-range-fresh-whole-chicken-per-kg/",
    "img": "https://www.aldi.com.au/fileadmin/_processed_/d/e/csm_ALN3726-37_REDUCTIONS_FUTURE-PRICE-_RND19__1x1_228x128__d6e3e66751.jpg",
    "price": 5.5,
    "unitPrice": null
  },
  {
    "name": "Goldenvale Muesli",
    "url": "https://www.aldi.com.au/en/groceries/price-reductions/reductions-detail/ps/p/goldenvale-muesli-750g/",
    "img": "https://www.aldi.com.au/fileadmin/_processed_/a/5/csm_ALN3726-35_REDUCTIONS_FUTURE-PRICE-_RND18__1x1_228x128_1_2c9129c7ca.jpg",
    "price": 2.3,
    "quantity": 0.75,
    "unitPrice": 3.07
  },
  {
    "name": "Forresters Dry Roasted Almonds",
    "url": "https://www.aldi.com.au/en/groceries/price-reductions/reductions-detail/ps/p/forresters-dry-roasted-almonds-400g/",
    "img": "https://www.aldi.com.au/fileadmin/_processed_/b/8/csm_ALN3726-33_REDUCTIONS_FUTURE-PRICE-_RND17__1x1_228x128__27eb4add50.jpg",
    "price": 6.5,
    "quantity": 0.4,
    "unitPrice": 16.25
  },
  {
    "name": "Forresters Natural Almonds",
    "url": "https://www.aldi.com.au/en/groceries/price-reductions/reductions-detail/ps/p/forresters-natural-almonds-750g-2/",
    "img": "https://www.aldi.com.au/fileadmin/_processed_/8/6/csm_ALN3726-33_REDUCTIONS_FUTURE-PRICE-_RND17__1x1_228x128_2_9b48049101.jpg",
    "price": 8,
    "quantity": 0.75,
    "unitPrice": 10.67
  },
  {
    "name": "Remano Organic Pasta Sauce",
    "url": "https://www.aldi.com.au/en/groceries/price-reductions/reductions-detail/ps/p/remano-organic-pasta-sauce-500g/",
    "img": "https://www.aldi.com.au/fileadmin/_processed_/a/f/csm_ALN3726-31_REDUCTIONS_FUTURE-PRICE-_RND16__1x1_228x128_3_8e9d3449bf.jpg",
    "price": 2.3,
    "quantity": 0.5,
    "unitPrice": 4.6
  },
  {
    "name": "Remano Large Shells",
    "url": "https://www.aldi.com.au/en/groceries/price-reductions/reductions-detail/ps/p/remano-large-shells-500g/",
    "img": "https://www.aldi.com.au/fileadmin/_processed_/e/4/csm_ALN3726-27_REDUCTIONS_FUTURE-PRICE-_RND14__1x1_228x128_4_a36687d05f.jpg",
    "price": 0.99,
    "quantity": 0.5,
    "unitPrice": 1.98
  },
  {
    "name": "Diplomat English Breakfast Tea Bags",
    "url": "https://www.aldi.com.au/en/groceries/price-reductions/reductions-detail/ps/p/diplomat-english-breakfast-tea-bags-50pk/",
    "img": "https://www.aldi.com.au/fileadmin/_processed_/3/6/csm_ALN3726-29_REDUCTIONS_FUTURE-PRICE-_RND15__1x1_228x128_3_a77e1ab851.jpg",
    "price": 1.2,
    "quantity": 50,
    "unitPrice": 0.02
  },
  {
    "name": "White Mill Flour Plain",
    "url": "https://www.aldi.com.au/en/groceries/price-reductions/reductions-detail/ps/p/white-mill-flour-plain-1kg/",
    "img": "https://www.aldi.com.au/fileadmin/_processed_/1/5/csm_ALN3726-15_REDUCTIONS_FUTURE-PRICE-_RND8__1x1_228x128__081c5558b8.jpg",
    "price": 1.16,
    "quantity": 1,
    "unitPrice": 1.16
  },
  {
    "name": "White Mill Self Raising Flour",
    "url": "https://www.aldi.com.au/en/groceries/price-reductions/reductions-detail/ps/p/white-mill-self-raising-flour-1kg/",
    "img": "https://www.aldi.com.au/fileadmin/_processed_/d/9/csm_ALN3726-15_REDUCTIONS_FUTURE-PRICE-_RND8__1x1_228x128_2_193a7bc220.jpg",
    "price": 1.16,
    "quantity": 1,
    "unitPrice": 1.16
  },
  {
    "name": "Goldenvale Quick Oats",
    "url": "https://www.aldi.com.au/en/groceries/price-reductions/reductions-detail/ps/p/goldenvale-quick-oats-750g/",
    "img": "https://www.aldi.com.au/fileadmin/_processed_/8/4/csm_ALN3726-15_REDUCTIONS_FUTURE-PRICE-_RND8__1x1_228x128_3_e5653e5bef.jpg",
    "price": 1.6,
    "quantity": 0.75,
    "unitPrice": 2.13
  },
  {
    "name": "Goldenvale Rolled Oats",
    "url": "https://www.aldi.com.au/en/groceries/price-reductions/reductions-detail/ps/p/goldenvale-rolled-oats-750g/",
    "img": "https://www.aldi.com.au/fileadmin/_processed_/f/7/csm_ALN3726-15_REDUCTIONS_FUTURE-PRICE-_RND8__1x1_228x128_4_10c36c9389.jpg",
    "price": 1.6,
    "quantity": 0.75,
    "unitPrice": 2.13
  },
  {
    "name": "Market Fare Corn Kernels",
    "url": "https://www.aldi.com.au/en/groceries/freezer/freezer-detail/ps/p/market-fare-corn-kernels-1kg-1/",
    "img": "https://www.aldi.com.au/fileadmin/_processed_/a/2/csm_ALN2853_AWARDS_FROZEN_FOOD_1x1_228x128_2_b2bba5422e.jpg",
    "price": 4.19,
    "quantity": 1,
    "unitPrice": 4.19
  },
  {
    "name": "Market Fare Garden Peas",
    "url": "https://www.aldi.com.au/en/groceries/freezer/freezer-detail/ps/p/market-fare-garden-peas-1kg-3/",
    "img": "https://www.aldi.com.au/fileadmin/_processed_/4/a/csm_ALN2853_AWARDS_FROZEN_FOOD_1x1_228x128_3_591795a34d.jpg",
    "price": 2.59,
    "quantity": 1,
    "unitPrice": 2.59
  },
  {
    "name": "Market Fare Baby Peas",
    "url": "https://www.aldi.com.au/en/groceries/freezer/freezer-detail/ps/p/market-fare-baby-peas-1kg/",
    "img": "https://www.aldi.com.au/fileadmin/_processed_/3/3/csm_1001605-7_1x1_Q4_WEB-AUDIT_FREEZER_228x128_1_e46efc8a61.jpg",
    "price": 4.69,
    "quantity": 1,
    "unitPrice": 4.69
  },
  {
    "name": "Market Fare Peas, Carrots & Corn",
    "url": "https://www.aldi.com.au/en/groceries/freezer/freezer-detail/ps/p/market-fare-peas-carrots-corn-1kg-2/",
    "img": "https://www.aldi.com.au/fileadmin/_processed_/a/b/csm_ALN2853_AWARDS_FROZEN_FOOD_1x1_228x128_4_32b4dc35ff.jpg",
    "price": 4.19,
    "quantity": 1,
    "unitPrice": 4.19
  },
  {
    "name": "Market Fare Green Beans",
    "url": "https://www.aldi.com.au/en/groceries/freezer/freezer-detail/ps/p/market-fare-green-beans-1kg/",
    "img": "https://www.aldi.com.au/fileadmin/_processed_/f/0/csm_ALN2853_AWARDS_FROZEN_FOOD_1x1_228x128_5_728efad4f0.jpg",
    "price": 2.79,
    "quantity": 1,
    "unitPrice": 2.79
  },
  {
    "name": "Market Fare Broccoli",
    "url": "https://www.aldi.com.au/en/groceries/freezer/freezer-detail/ps/p/market-fare-broccoli-500g-1/",
    "img": "https://www.aldi.com.au/fileadmin/_processed_/c/b/csm_ALN2853_AWARDS_FROZEN_FOOD_1x1_228x128_6_31d847d825.jpg",
    "price": 2.99,
    "quantity": 0.5,
    "unitPrice": 5.98
  },
  {
    "name": "Market Fare Spinach",
    "url": "https://www.aldi.com.au/en/groceries/freezer/freezer-detail/ps/p/market-fare-spinach-250g-2/",
    "img": "https://www.aldi.com.au/fileadmin/_processed_/a/d/csm_ALN2853_AWARDS_FROZEN_FOOD_1x1_228x128_7_e00448fa4c.jpg",
    "price": 0.89,
    "quantity": 0.25,
    "unitPrice": 3.56
  },
  {
    "name": "Market Fare Winter Vegetables",
    "url": "https://www.aldi.com.au/en/groceries/freezer/freezer-detail/ps/p/market-fare-winter-vegetables-1kg-2/",
    "img": "https://www.aldi.com.au/fileadmin/_processed_/1/8/csm_ALN3354_Q2-WEB-AUDIT_1x1_228x128_23_0421a1bc07.jpg",
    "price": 4.19,
    "quantity": 1,
    "unitPrice": 4.19
  },
  {
    "name": "Market Fare Stir Fry Vegetables",
    "url": "https://www.aldi.com.au/en/groceries/freezer/freezer-detail/ps/p/market-fare-stir-fry-vegetables-850g/",
    "img": "https://www.aldi.com.au/fileadmin/_processed_/d/3/csm_ALN2853_FROZEN_FOOD_1x1_228x128_2_b87e9b8cb1.jpg",
    "price": 4.29,
    "quantity": 0.85,
    "unitPrice": 5.05
  },
  {
    "name": "Market Fare Cauliflower or Broccoli Bake",
    "url": "https://www.aldi.com.au/en/groceries/freezer/freezer-detail/ps/p/market-fare-cauliflower-or-broccoli-bake-800g/",
    "img": "https://www.aldi.com.au/fileadmin/_processed_/b/6/csm_ALN2853_AWARDS_FROZEN_FOOD_1x1_228x128_8_b9622172af.jpg",
    "price": 6.99,
    "quantity": 0.8,
    "unitPrice": 8.74
  },
  {
    "name": "The Best Margherita Pizza Ever",
    "url": "https://www.aldi.com.au/en/groceries/freezer/freezer-detail/ps/p/the-best-margherita-pizza-ever-365g/",
    "img": "https://www.aldi.com.au/fileadmin/_processed_/f/5/csm_ALN2626_MARGHERITA_PIZZA_1x1_228x128_663241c472.jpg",
    "price": 6.49,
    "quantity": 0.365,
    "unitPrice": 17.78
  },
  {
    "name": "International Cuisine Beef Lasagne",
    "url": "https://www.aldi.com.au/en/groceries/freezer/freezer-detail/ps/p/international-cuisine-beef-lasagne-2kg/",
    "img": "https://www.aldi.com.au/fileadmin/_processed_/9/5/csm_ALN3708_Q4-WEB_NEW-1x1_228x128_14_369e372c71.jpg",
    "price": 11.99,
    "quantity": 2,
    "unitPrice": 6
  },
  {
    "name": "Orchard & Vine Blueberries",
    "url": "https://www.aldi.com.au/en/groceries/freezer/freezer-detail/ps/p/orchard-vine-blueberries-500g-1/",
    "img": "https://www.aldi.com.au/fileadmin/_processed_/d/8/csm_ALN2364_FROZEN_FOOD_1x1_228x128_3_97631fd247.jpg",
    "price": 5.69,
    "quantity": 0.5,
    "unitPrice": 11.38
  },
  {
    "name": "Kennyâ€™s Frozen Dessert",
    "url": "https://www.aldi.com.au/en/groceries/freezer/freezer-detail/ps/p/kennys-frozen-dessert-475ml/",
    "img": "https://www.aldi.com.au/fileadmin/_processed_/8/a/csm_ALN2853_FROZEN_FOOD_1x1_228x128_8_4f548ce5ec.jpg",
    "price": 6.99,
    "quantity": 0.475,
    "unitPrice": 14.72
  },
  {
    "name": "Oh So Natural Virgin Olive Oil",
    "url": "https://www.aldi.com.au/en/groceries/pantry/olive-oil/olive-oil-detail/ps/p/oh-so-natural-virgin-olive-oil-500ml/",
    "img": "https://www.aldi.com.au/fileadmin/_processed_/f/b/csm_1001829-1_Q1-WEB-AUDIT_OLIVE-OIL_1x1_228x128_6_RET_df25927383.png",
    "price": 5.99,
    "quantity": 0.5,
    "unitPrice": 11.98
  },
  {
    "name": "Remano Extra Virgin Olive Oil",
    "url": "https://www.aldi.com.au/en/groceries/pantry/olive-oil/olive-oil-detail/ps/p/remano-extra-virgin-olive-oil-750ml/",
    "img": "https://www.aldi.com.au/fileadmin/_processed_/8/5/csm_1001829-1_Q1-WEB-AUDIT_OLIVE-OIL_1x1_228x128_7_RET_07ad953871.png",
    "price": 7.69,
    "quantity": 0.75,
    "unitPrice": 10.25
  },
  {
    "name": "Remano Olive Oil",
    "url": "https://www.aldi.com.au/en/groceries/pantry/olive-oil/olive-oil-detail/ps/p/remano-olive-oil-1l-1/",
    "img": "https://www.aldi.com.au/fileadmin/_processed_/3/5/csm_1001829-1_Q1-WEB-AUDIT_OLIVE-OIL_1x1_228x128_4_RET_88ab012ffe.png",
    "price": 7.99,
    "quantity": 1,
    "unitPrice": 7.99
  },
  {
    "name": "The Olive Tree Extra Virgin Olive Oil",
    "url": "https://www.aldi.com.au/en/groceries/pantry/olive-oil/olive-oil-detail/ps/p/the-olive-tree-extra-virgin-olive-oil-1l/",
    "img": "https://www.aldi.com.au/fileadmin/_processed_/2/c/csm_1001829-1_Q1-WEB-AUDIT_OLIVE-OIL_1x1_228x128_1_RET_3b44b5f8e2.png",
    "price": 10.99,
    "quantity": 1,
    "unitPrice": 10.99
  },
  {
    "name": "The Olive Tree Australian Extra Virgin Olive Oil Spray",
    "url": "https://www.aldi.com.au/en/groceries/pantry/olive-oil/olive-oil-detail/ps/p/the-olive-tree-australian-extra-virgin-olive-oil-s/",
    "img": "https://www.aldi.com.au/fileadmin/_processed_/2/9/csm_1001829-1_Q1-WEB-AUDIT_OLIVE-OIL_1x1_228x128_5_RET_02b191cfb2.png",
    "price": 3.49,
    "quantity": 0.225,
    "unitPrice": 15.51
  },
  {
    "name": "The Olive Tree Australian Extra Virgin Olive Oil",
    "url": "https://www.aldi.com.au/en/groceries/pantry/olive-oil/olive-oil-detail/ps/p/the-olive-tree-australian-extra-virgin-olive-oil-3/",
    "img": "https://www.aldi.com.au/fileadmin/_processed_/d/d/csm_1001829-1_Q1-WEB-AUDIT_OLIVE-OIL_1x1_228x128_2_RET_022c75427b.png",
    "price": 27.99,
    "quantity": 3,
    "unitPrice": 9.33
  },
  {
    "name": "Remano Extra Virgin Olive Oil",
    "url": "https://www.aldi.com.au/en/groceries/pantry/olive-oil/olive-oil-detail/ps/p/remano-extra-virgin-olive-oil-378l/",
    "img": "https://www.aldi.com.au/fileadmin/_processed_/e/7/csm_1001829-1_Q1-WEB-AUDIT_OLIVE-OIL_1x1_228x128_3_RET_269714051c.png",
    "price": 34.99,
    "quantity": 3.78,
    "unitPrice": 9.26
  },
  {
    "name": "Cobram EstateÂ  Australia Extra Virgin Olive Oil",
    "url": "https://www.aldi.com.au/en/groceries/pantry/olive-oil/olive-oil-detail/ps/p/cobram-estate-australia-extra-virgin-olive-oil-500/",
    "img": "https://www.aldi.com.au/fileadmin/_processed_/c/2/csm_1001605-4_1x1_Q4_WEB-AUDIT_PANTRY_228x128_3_c3f525b868.jpg",
    "price": 9.99,
    "quantity": 0.5,
    "unitPrice": 19.98
  },
  {
    "name": "Inner Goodness Soy Milk",
    "url": "https://www.aldi.com.au/en/groceries/fresh-produce/dairy-eggs/dairy-eggs-detail/ps/p/inner-goodness-soy-milk-1l/",
    "img": "https://www.aldi.com.au/fileadmin/_processed_/1/5/csm_1001605-3_1x1_Q4_WEB-AUDIT_DAIRY_228x128_15_fa2f3a7c9d.jpg",
    "price": 2.29,
    "quantity": 1,
    "unitPrice": 2.29
  },
  {
    "name": "Inner Goodness Almond Milk",
    "url": "https://www.aldi.com.au/en/groceries/fresh-produce/dairy-eggs/dairy-eggs-detail/ps/p/inner-goodness-almond-milk-1l/",
    "img": "https://www.aldi.com.au/fileadmin/_processed_/a/6/csm_1001605-3_1x1_Q4_WEB-AUDIT_DAIRY_228x128_16_c7b5136051.jpg",
    "price": 2.79,
    "quantity": 1,
    "unitPrice": 2.79
  },
  {
    "name": "Farmdale Organic Full Cream Milk",
    "url": "https://www.aldi.com.au/en/groceries/fresh-produce/dairy-eggs/dairy-eggs-detail/ps/p/farmdale-organic-full-cream-milk-1l/",
    "img": "https://www.aldi.com.au/fileadmin/_processed_/4/e/csm_1001605-3_1x1_Q4_WEB-AUDIT_DAIRY_228x128_18_f7da08b286.jpg",
    "price": 2.39,
    "quantity": 1,
    "unitPrice": 2.39
  },
  {
    "name": "Farmdale Organic Light Milk",
    "url": "https://www.aldi.com.au/en/groceries/fresh-produce/dairy-eggs/dairy-eggs-detail/ps/p/farmdale-organic-light-milk-1l/",
    "img": "https://www.aldi.com.au/fileadmin/_processed_/d/b/csm_1001605-3_1x1_Q4_WEB-AUDIT_DAIRY_228x128_19_94ba911628.jpg",
    "price": 2.39,
    "quantity": 1,
    "unitPrice": 2.39
  },
  {
    "name": "Farmdale Full Cream Milk UHT",
    "url": "https://www.aldi.com.au/en/groceries/fresh-produce/dairy-eggs/dairy-eggs-detail/ps/p/farmdale-full-cream-milk-uht-1l/",
    "img": "https://www.aldi.com.au/fileadmin/_processed_/c/8/csm_1000855_ALN-10_1x1_Q1_WEB-AUDIT_228x128_32_a5395754ba.jpg",
    "price": 1.59,
    "quantity": 1,
    "unitPrice": 1.59
  },
  {
    "name": "Farmdale Light Milk UHT",
    "url": "https://www.aldi.com.au/en/groceries/fresh-produce/dairy-eggs/dairy-eggs-detail/ps/p/farmdale-light-milk-uht-1l/",
    "img": "https://www.aldi.com.au/fileadmin/_processed_/8/6/csm_1000855_ALN-10_1x1_Q1_WEB-AUDIT_228x128_33_a8606d20e1.jpg",
    "price": 1.59,
    "quantity": 1,
    "unitPrice": 1.59
  },
  {
    "name": "FarmdaleÂ Skim Milk UHT",
    "url": "https://www.aldi.com.au/en/groceries/fresh-produce/dairy-eggs/dairy-eggs-detail/ps/p/farmdale-skim-milk-uht-1l/",
    "img": "https://www.aldi.com.au/fileadmin/_processed_/2/b/csm_1000855_ALN-10_1x1_Q1_WEB-AUDIT_228x128_34_24f3df38fe.jpg",
    "price": 1.59,
    "quantity": 1,
    "unitPrice": 1.59
  },
  {
    "name": "FarmdaleÂ Full Cream Milk UHT",
    "url": "https://www.aldi.com.au/en/groceries/fresh-produce/dairy-eggs/dairy-eggs-detail/ps/p/farmdale-full-cream-milk-uht-2l/",
    "img": "https://www.aldi.com.au/fileadmin/_processed_/2/e/csm_1000855_ALN-10_1x1_Q1_WEB-AUDIT_228x128_35_073873fd3b.jpg",
    "price": 3.09,
    "quantity": 2,
    "unitPrice": 1.55
  },
  {
    "name": "FarmdaleÂ Skim Milk UHT",
    "url": "https://www.aldi.com.au/en/groceries/fresh-produce/dairy-eggs/dairy-eggs-detail/ps/p/farmdale-skim-milk-uht-2l/",
    "img": "https://www.aldi.com.au/fileadmin/_processed_/6/d/csm_1000855_ALN-10_1x1_Q1_WEB-AUDIT_228x128_36_c27bd65a6f.jpg",
    "price": 3.09,
    "quantity": 2,
    "unitPrice": 1.55
  },
  {
    "name": "FarmdaleÂ Lactose Free UHT Milk",
    "url": "https://www.aldi.com.au/en/groceries/fresh-produce/dairy-eggs/dairy-eggs-detail/ps/p/farmdale-lactose-free-uht-milk-1l/",
    "img": "https://www.aldi.com.au/fileadmin/_processed_/9/d/csm_1000855_ALN-10_1x1_Q1_WEB-AUDIT_228x128_37_e84441f66e.jpg",
    "price": 1.79,
    "quantity": 1,
    "unitPrice": 1.79
  },
  {
    "name": "FarmdaleÂ Lactose Free Low Fat UHT Milk",
    "url": "https://www.aldi.com.au/en/groceries/fresh-produce/dairy-eggs/dairy-eggs-detail/ps/p/farmdale-lactose-free-low-fat-uht-milk-1l/",
    "img": "https://www.aldi.com.au/fileadmin/_processed_/a/1/csm_1001349_ALN-1_1x1_Q3_WEB-AUDIT_228x128_25_b028dd0de6.jpg",
    "price": 1.79,
    "quantity": 1,
    "unitPrice": 1.79
  },
  {
    "name": "Farmdale Lactose Free Full Cream Milk",
    "url": "https://www.aldi.com.au/en/groceries/fresh-produce/dairy-eggs/dairy-eggs-detail/ps/p/farmdale-lactose-free-full-cream-milk-1l-1/",
    "img": "https://www.aldi.com.au/fileadmin/_processed_/8/8/csm_1001349_ALN-1_1x1_Q3_WEB-AUDIT_228x128_26_6ab03eaec7.jpg",
    "price": 2.79,
    "quantity": 1,
    "unitPrice": 2.79
  },
  {
    "name": "CHAMP Iced Coffee Flavoured Milk",
    "url": "https://www.aldi.com.au/en/groceries/fresh-produce/dairy-eggs/dairy-eggs-detail/ps/p/champ-iced-coffee-flavoured-milk-2l/",
    "img": "https://www.aldi.com.au/fileadmin/_processed_/d/6/csm_1001349_ALN-1_1x1_Q3_WEB-AUDIT_228x128_27_ba75f0363a.jpg",
    "price": 3.99,
    "quantity": 2,
    "unitPrice": 2
  },
  {
    "name": "CHAMP Chocolate Flavoured Milk",
    "url": "https://www.aldi.com.au/en/groceries/fresh-produce/dairy-eggs/dairy-eggs-detail/ps/p/champ-chocolate-flavoured-milk-600ml/",
    "img": "https://www.aldi.com.au/fileadmin/_processed_/1/3/csm_1001349_ALN-1_1x1_Q3_WEB-AUDIT_228x128_28_3ffb0dbb2f.jpg",
    "price": 2.79,
    "quantity": 0.6,
    "unitPrice": 4.65
  },
  {
    "name": "CHAMP Chocolate Flavoured Milk",
    "url": "https://www.aldi.com.au/en/groceries/fresh-produce/dairy-eggs/dairy-eggs-detail/ps/p/champ-chocolate-flavoured-milk-2l/",
    "img": "https://www.aldi.com.au/fileadmin/_processed_/0/3/csm_1002179-1_Q2_WEB_AUDIT_1x1_228x128_27_RET_8bea269896.png",
    "price": 3.99,
    "quantity": 2,
    "unitPrice": 2
  },
  {
    "name": "CHAMP Iced Coffee Flavoured Milk",
    "url": "https://www.aldi.com.au/en/groceries/fresh-produce/dairy-eggs/dairy-eggs-detail/ps/p/champ-iced-coffee-flavoured-milk-600ml/",
    "img": "https://www.aldi.com.au/fileadmin/_processed_/b/a/csm_1001349_ALN-1_1x1_Q3_WEB-AUDIT_228x128_29_ce2393340d.jpg",
    "price": 2.79,
    "quantity": 0.6,
    "unitPrice": 4.65
  },
  {
    "name": "Farmdale Full Cream Milk Powder",
    "url": "https://www.aldi.com.au/en/groceries/fresh-produce/dairy-eggs/dairy-eggs-detail/ps/p/farmdale-full-cream-milk-powder-1kg-1/",
    "img": "https://www.aldi.com.au/fileadmin/_processed_/a/f/csm_ALN2364_AWARDS_DAIRY_1x1_228x128_23_6a3e1e1244.jpg",
    "price": 9.99,
    "quantity": 1,
    "unitPrice": 9.99
  },
  {
    "name": "Just Organic UHT Milk",
    "url": "https://www.aldi.com.au/en/groceries/fresh-produce/dairy-eggs/dairy-eggs-detail/ps/p/just-organic-uht-milk-1l/",
    "img": "https://www.aldi.com.au/fileadmin/_processed_/b/5/csm_1000855_ALN-10_1x1_Q1_WEB-AUDIT_228x128_13_8f225738fc.jpg",
    "price": 2.19,
    "quantity": 1,
    "unitPrice": 2.19
  },
  {
    "name": "UHT Soy Organic Milk",
    "url": "https://www.aldi.com.au/en/groceries/fresh-produce/dairy-eggs/dairy-eggs-detail/ps/p/uht-soy-organic-milk-1l/",
    "img": "https://www.aldi.com.au/fileadmin/_processed_/7/4/csm_1001349_ALN-1_1x1_Q3_WEB-AUDIT_228x128_47_00333b4cba.jpg",
    "price": 1.49,
    "quantity": 1,
    "unitPrice": 1.49
  },
  {
    "name": "UHT Milk Soy",
    "url": "https://www.aldi.com.au/en/groceries/fresh-produce/dairy-eggs/dairy-eggs-detail/ps/p/uht-milk-soy-1l/",
    "img": "https://www.aldi.com.au/fileadmin/_processed_/6/5/csm_1001349_ALN-1_1x1_Q3_WEB-AUDIT_228x128_48_1bf467db2f.jpg",
    "price": 1.15,
    "quantity": 1,
    "unitPrice": 1.15
  },
  {
    "name": "UHT Milk Soy Light",
    "url": "https://www.aldi.com.au/en/groceries/fresh-produce/dairy-eggs/dairy-eggs-detail/ps/p/uht-milk-soy-light-1l/",
    "img": "https://www.aldi.com.au/fileadmin/_processed_/8/1/csm_1001349_ALN-1_1x1_Q3_WEB-AUDIT_228x128_49_0f388693a2.jpg",
    "price": 1.15,
    "quantity": 1,
    "unitPrice": 1.15
  },
  {
    "name": "Milk UHT Almond Unsweetened",
    "url": "https://www.aldi.com.au/en/groceries/fresh-produce/dairy-eggs/dairy-eggs-detail/ps/p/milk-uht-almond-unsweetened-1l/",
    "img": "https://www.aldi.com.au/fileadmin/_processed_/b/3/csm_1001349_ALN-1_1x1_Q3_WEB-AUDIT_228x128_50_85cd5394ac.jpg",
    "price": 1.89,
    "quantity": 1,
    "unitPrice": 1.89
  },
  {
    "name": "Milk UHT Almond Original",
    "url": "https://www.aldi.com.au/en/groceries/fresh-produce/dairy-eggs/dairy-eggs-detail/ps/p/milk-uht-almond-original-1l/",
    "img": "https://www.aldi.com.au/fileadmin/_processed_/f/7/csm_1001349_ALN-1_1x1_Q3_WEB-AUDIT_228x128_51_f4ae914d2d.jpg",
    "price": 1.89,
    "quantity": 1,
    "unitPrice": 1.89
  },
  {
    "name": "UHT Oat Milk",
    "url": "https://www.aldi.com.au/en/groceries/fresh-produce/dairy-eggs/dairy-eggs-detail/ps/p/uht-oat-milk-1l/",
    "img": "https://www.aldi.com.au/fileadmin/_processed_/f/5/csm_1001349_ALN-1_1x1_Q3_WEB-AUDIT_228x128_52_007e8b2a26.jpg",
    "price": 2.09,
    "quantity": 1,
    "unitPrice": 2.09
  },
  {
    "name": "Biocult Fermented Milk 5 x",
    "url": "https://www.aldi.com.au/en/groceries/fresh-produce/dairy-eggs/dairy-eggs-detail/ps/p/biocult-fermented-milk-5-x-65ml/",
    "img": "https://www.aldi.com.au/fileadmin/_processed_/e/c/csm_1002179-1_Q2_WEB_AUDIT_1x1_228x128_28_RET_d3beeaf0c6.png",
    "price": 3.19,
    "quantity": 0.065,
    "unitPrice": 49.08
  },
  {
    "name": "Lodge Farms Large Free Range Eggs",
    "url": "https://www.aldi.com.au/en/groceries/fresh-produce/dairy-eggs/dairy-eggs-detail/ps/p/lodge-farms-large-free-range-eggs-12pk600g/",
    "img": "https://www.aldi.com.au/fileadmin/_processed_/b/8/csm_1001829-2_Q1-WEB-AUDIT_DAIRY-EGGS_1x1_228x128_1_RET_7e823d24d7.png",
    "price": 4.49,
    "quantity": 0.6,
    "unitPrice": 7.48
  },
  {
    "name": "Lodge Farms Extra Large Free Range Eggs",
    "url": "https://www.aldi.com.au/en/groceries/fresh-produce/dairy-eggs/dairy-eggs-detail/ps/p/lodge-farms-extra-large-free-range-eggs-12pk700g/",
    "img": "https://www.aldi.com.au/fileadmin/_processed_/4/8/csm_1001829-2_Q1-WEB-AUDIT_DAIRY-EGGS_1x1_228x128_2_RET_f7b71fe940.png",
    "price": 4.79,
    "quantity": 0.7,
    "unitPrice": 6.84
  },
  {
    "name": "Sunnyvale Olive Spread Regular",
    "url": "https://www.aldi.com.au/en/groceries/fresh-produce/dairy-eggs/dairy-eggs-detail/ps/p/sunnyvale-olive-spread-regular-500g/",
    "img": "https://www.aldi.com.au/fileadmin/_processed_/e/e/csm_1000855_ALN-10_1x1_Q1_WEB-AUDIT_228x128_39_59a4098933.jpg",
    "price": 3.49,
    "quantity": 0.5,
    "unitPrice": 6.98
  },
  {
    "name": "Sunnyvale Olive Spread Light",
    "url": "https://www.aldi.com.au/en/groceries/fresh-produce/dairy-eggs/dairy-eggs-detail/ps/p/sunnyvale-olive-spread-light-500g/",
    "img": "https://www.aldi.com.au/fileadmin/_processed_/c/4/csm_1000855_ALN-10_1x1_Q1_WEB-AUDIT_228x128_40_dfa3d78ec7.jpg",
    "price": 3.49,
    "quantity": 0.5,
    "unitPrice": 6.98
  },
  {
    "name": "Sunnyvale Original Spread",
    "url": "https://www.aldi.com.au/en/groceries/fresh-produce/dairy-eggs/dairy-eggs-detail/ps/p/sunnyvale-original-spread-500g/",
    "img": "https://www.aldi.com.au/fileadmin/_processed_/4/c/csm_1000855_ALN-10_1x1_Q1_WEB-AUDIT_228x128_41_e24e8d04bc.jpg",
    "price": 2.69,
    "quantity": 0.5,
    "unitPrice": 5.38
  },
  {
    "name": "Sunnyvale Cholesterol Spread",
    "url": "https://www.aldi.com.au/en/groceries/fresh-produce/dairy-eggs/dairy-eggs-detail/ps/p/sunnyvale-cholesterol-spread-500g/",
    "img": "https://www.aldi.com.au/fileadmin/_processed_/c/2/csm_1000855_ALN-10_1x1_Q1_WEB-AUDIT_228x128_42_55ffc04f12.jpg",
    "price": 4.49,
    "quantity": 0.5,
    "unitPrice": 8.98
  },
  {
    "name": "Sunnyvale Table Spread",
    "url": "https://www.aldi.com.au/en/groceries/fresh-produce/dairy-eggs/dairy-eggs-detail/ps/p/sunnyvale-table-spread-1kg/",
    "img": "https://www.aldi.com.au/fileadmin/_processed_/e/6/csm_1000855_ALN-10_1x1_Q1_WEB-AUDIT_228x128_43_3592ccb6b4.jpg",
    "price": 3.29,
    "quantity": 1,
    "unitPrice": 3.29
  },
  {
    "name": "Beautifully Butterfully Dairy Spread",
    "url": "https://www.aldi.com.au/en/groceries/fresh-produce/dairy-eggs/dairy-eggs-detail/ps/p/beautifully-butterfully-dairy-spread-500g/",
    "img": "https://www.aldi.com.au/fileadmin/_processed_/0/7/csm_1001829-2_Q1-WEB-AUDIT_DAIRY-EGGS_1x1_228x128_14_RET_2e8ddf19ca.png",
    "price": 4.79,
    "quantity": 0.5,
    "unitPrice": 9.58
  },
  {
    "name": "Pure Valley Salted Organic Butter",
    "url": "https://www.aldi.com.au/en/groceries/fresh-produce/dairy-eggs/dairy-eggs-detail/ps/p/pure-valley-salted-organic-butter-250g/",
    "img": "https://www.aldi.com.au/fileadmin/_processed_/7/5/csm_1001829-2_Q1-WEB-AUDIT_DAIRY-EGGS_1x1_228x128_15_RET_83f486cedd.png",
    "price": 4.49,
    "quantity": 0.25,
    "unitPrice": 17.96
  },
  {
    "name": "Pure Valley Salted Butter",
    "url": "https://www.aldi.com.au/en/groceries/fresh-produce/dairy-eggs/dairy-eggs-detail/ps/p/pure-valley-salted-butter-250g/",
    "img": "https://www.aldi.com.au/fileadmin/_processed_/b/b/csm_1001829-2_Q1-WEB-AUDIT_DAIRY-EGGS_1x1_228x128_16_RET_c57c0b709d.png",
    "price": 3.69,
    "quantity": 0.25,
    "unitPrice": 14.76
  },
  {
    "name": "Beautifully Butterfully Unsalted Butter",
    "url": "https://www.aldi.com.au/en/groceries/fresh-produce/dairy-eggs/dairy-eggs-detail/ps/p/beautifully-butterfully-unsalted-butter-250g-2/",
    "img": "https://www.aldi.com.au/fileadmin/_processed_/b/d/csm_ALN3354_Q2-WEB-AUDIT_1x1_228x128_15_d10b6bb146.jpg",
    "price": 3.69,
    "quantity": 0.25,
    "unitPrice": 14.76
  },
  {
    "name": "Pure Valley Salted Butter",
    "url": "https://www.aldi.com.au/en/groceries/fresh-produce/dairy-eggs/dairy-eggs-detail/ps/p/pure-valley-salted-butter-500g/",
    "img": "https://www.aldi.com.au/fileadmin/_processed_/8/d/csm_1001829-2_Q1-WEB-AUDIT_DAIRY-EGGS_1x1_228x128_17_RET_d8e87e919a.png",
    "price": 6.39,
    "quantity": 0.5,
    "unitPrice": 12.78
  },
  {
    "name": "Pure Valley Unsalted Butter",
    "url": "https://www.aldi.com.au/en/groceries/fresh-produce/dairy-eggs/dairy-eggs-detail/ps/p/pure-valley-unsalted-butter-500g/",
    "img": "https://www.aldi.com.au/fileadmin/_processed_/1/a/csm_1001829-2_Q1-WEB-AUDIT_DAIRY-EGGS_1x1_228x128_18_RET_e96d59f184.png",
    "price": 6.39,
    "quantity": 0.5,
    "unitPrice": 12.78
  },
  {
    "name": "Beautifully Butterfully Catererâ€™s Selection Buttery Spread",
    "url": "https://www.aldi.com.au/en/groceries/fresh-produce/dairy-eggs/dairy-eggs-detail/ps/p/beautifully-butterfully-caterers-selection-buttery/",
    "img": "https://www.aldi.com.au/fileadmin/_processed_/6/4/csm_ALN3354_Q2-WEB-AUDIT_1x1_228x128_16_5126aa3593.jpg",
    "price": 4.99,
    "quantity": 1,
    "unitPrice": 4.99
  },
  {
    "name": "Westacre Dairy Tasty Cheese Block",
    "url": "https://www.aldi.com.au/en/groceries/fresh-produce/dairy-eggs/dairy-eggs-detail/ps/p/westacre-dairy-tasty-cheese-block-250g/",
    "img": "https://www.aldi.com.au/fileadmin/_processed_/9/1/csm_1001605-3_1x1_Q4_WEB-AUDIT_DAIRY_228x128_20_24ef4dfcd1.jpg",
    "price": 4.69,
    "quantity": 0.25,
    "unitPrice": 18.76
  },
  {
    "name": "Westacre Dairy Shredded Tasty Cheese",
    "url": "https://www.aldi.com.au/en/groceries/fresh-produce/dairy-eggs/dairy-eggs-detail/ps/p/westacre-dairy-shredded-tasty-cheese-250g/",
    "img": "https://www.aldi.com.au/fileadmin/_processed_/5/a/csm_1001605-3_1x1_Q4_WEB-AUDIT_DAIRY_228x128_8_e8b92300cc.jpg",
    "price": 4.49,
    "quantity": 0.25,
    "unitPrice": 17.96
  },
  {
    "name": "Westacre Dairy Shredded Tasty Cheese",
    "url": "https://www.aldi.com.au/en/groceries/fresh-produce/dairy-eggs/dairy-eggs-detail/ps/p/westacre-dairy-shredded-tasty-cheese-700g/",
    "img": "https://www.aldi.com.au/fileadmin/_processed_/4/f/csm_1001605-3_1x1_Q4_WEB-AUDIT_DAIRY_228x128_9_3304c6548d.jpg",
    "price": 9.49,
    "quantity": 0.7,
    "unitPrice": 13.56
  },
  {
    "name": "Westacre Dairy Shredded Parmesan Cheese",
    "url": "https://www.aldi.com.au/en/groceries/fresh-produce/dairy-eggs/dairy-eggs-detail/ps/p/westacre-dairy-shredded-parmesan-cheese-250g/",
    "img": "https://www.aldi.com.au/fileadmin/_processed_/d/7/csm_1001605-3_1x1_Q4_WEB-AUDIT_DAIRY_228x128_10_17ec841a87.jpg",
    "price": 4.49,
    "quantity": 0.25,
    "unitPrice": 17.96
  },
  {
    "name": "Westacre Dairy Tasty Cheese Slices",
    "url": "https://www.aldi.com.au/en/groceries/fresh-produce/dairy-eggs/dairy-eggs-detail/ps/p/westacre-dairy-tasty-cheese-slices-500g/",
    "img": "https://www.aldi.com.au/fileadmin/_processed_/7/5/csm_1001605-3_1x1_Q4_WEB-AUDIT_DAIRY_228x128_11_a1f9ab4c69.jpg",
    "price": 7.99,
    "quantity": 0.5,
    "unitPrice": 15.98
  },
  {
    "name": "Westacre Dairy Tasty Cheese Block",
    "url": "https://www.aldi.com.au/en/groceries/fresh-produce/dairy-eggs/dairy-eggs-detail/ps/p/westacre-dairy-tasty-cheese-block-500g/",
    "img": "https://www.aldi.com.au/fileadmin/_processed_/0/f/csm_1001605-3_1x1_Q4_WEB-AUDIT_DAIRY_228x128_12_08d2db3efa.jpg",
    "price": 6.99,
    "quantity": 0.5,
    "unitPrice": 13.98
  },
  {
    "name": "Westacre Dairy Tasty Cheese Block",
    "url": "https://www.aldi.com.au/en/groceries/fresh-produce/dairy-eggs/dairy-eggs-detail/ps/p/westacre-dairy-tasty-cheese-block-1kg/",
    "img": "https://www.aldi.com.au/fileadmin/_processed_/f/6/csm_1001605-3_1x1_Q4_WEB-AUDIT_DAIRY_228x128_13_90aec3596e.jpg",
    "price": 10.79,
    "quantity": 1,
    "unitPrice": 10.79
  },
  {
    "name": "Westacre Dairy Vintage Cheese Block",
    "url": "https://www.aldi.com.au/en/groceries/fresh-produce/dairy-eggs/dairy-eggs-detail/ps/p/westacre-dairy-vintage-cheese-block-500g/",
    "img": "https://www.aldi.com.au/fileadmin/_processed_/a/0/csm_1001605-3_1x1_Q4_WEB-AUDIT_DAIRY_228x128_14_92d3a61363.jpg",
    "price": 6.99,
    "quantity": 0.5,
    "unitPrice": 13.98
  },
  {
    "name": "Emporium Selection Ash Brie",
    "url": "https://www.aldi.com.au/en/groceries/fresh-produce/dairy-eggs/dairy-eggs-detail/ps/p/emporium-selection-ash-brie-150g/",
    "img": "https://www.aldi.com.au/fileadmin/_processed_/2/3/csm_ALN2793_CHEESE_DAIRY_AWARDS_1x1_228x128_7_49255c4472.jpg",
    "price": 4.49,
    "quantity": 0.15,
    "unitPrice": 29.93
  },
  {
    "name": "Emporium Selection Double Cream Camembert",
    "url": "https://www.aldi.com.au/en/groceries/fresh-produce/dairy-eggs/dairy-eggs-detail/ps/p/emporium-selection-double-cream-camembert-200g-7/",
    "img": "https://www.aldi.com.au/fileadmin/_processed_/b/8/csm_ALN2364_AWARDS_CHEESE_1x1_228x128_2_1144bfa615.jpg",
    "price": 4.99,
    "quantity": 0.2,
    "unitPrice": 24.95
  },
  {
    "name": "Emporium Selection Triple Cream Brie",
    "url": "https://www.aldi.com.au/en/groceries/fresh-produce/dairy-eggs/dairy-eggs-detail/ps/p/emporium-selection-triple-cream-brie-200g-7/",
    "img": "https://www.aldi.com.au/fileadmin/_processed_/9/5/csm_ALN2364_AWARDS_CHEESE_1x1_228x128_3_c81c34a3e7.jpg",
    "price": 4.99,
    "quantity": 0.2,
    "unitPrice": 24.95
  },
  {
    "name": "Emporium Selection Camembert",
    "url": "https://www.aldi.com.au/en/groceries/fresh-produce/dairy-eggs/dairy-eggs-detail/ps/p/emporium-selection-camembert-125g-2/",
    "img": "https://www.aldi.com.au/fileadmin/_processed_/b/0/csm_ALN2364_AWARDS_CHEESE_1x1_228x128_4_63d9773acf.jpg",
    "price": 2.79,
    "quantity": 0.125,
    "unitPrice": 22.32
  },
  {
    "name": "Emporium Selection Brie",
    "url": "https://www.aldi.com.au/en/groceries/fresh-produce/dairy-eggs/dairy-eggs-detail/ps/p/emporium-selection-brie-125g/",
    "img": "https://www.aldi.com.au/fileadmin/_processed_/b/0/csm_ALN2364_AWARDS_CHEESE_1x1_228x128_5_9bfbfcabf7.jpg",
    "price": 2.79,
    "quantity": 0.125,
    "unitPrice": 22.32
  },
  {
    "name": "Emporium Selection Persian Fetta",
    "url": "https://www.aldi.com.au/en/groceries/fresh-produce/dairy-eggs/dairy-eggs-detail/ps/p/emporium-selection-persian-fetta-180g/",
    "img": "https://www.aldi.com.au/fileadmin/_processed_/1/4/csm_ALN2364_AWARDS_CHEESE_1x1_228x128_6_344e6445f9.jpg",
    "price": 3.99,
    "quantity": 0.18,
    "unitPrice": 22.17
  },
  {
    "name": "Emporium Selection Danish Style Fetta Cheese",
    "url": "https://www.aldi.com.au/en/groceries/fresh-produce/dairy-eggs/dairy-eggs-detail/ps/p/emporium-selection-danish-style-fetta-cheese-200g/",
    "img": "https://www.aldi.com.au/fileadmin/_processed_/b/a/csm_ALN1000838-3_AWARDS_1x1_228x128_2_877d7f684f.jpg",
    "price": 2.99,
    "quantity": 0.2,
    "unitPrice": 14.95
  },
  {
    "name": "Emporium Selection Greek Style Fetta Cheese",
    "url": "https://www.aldi.com.au/en/groceries/fresh-produce/dairy-eggs/dairy-eggs-detail/ps/p/emporium-selection-greek-style-fetta-cheese-200g/",
    "img": "https://www.aldi.com.au/fileadmin/_processed_/d/c/csm_ALN1000838-3_AWARDS_1x1_228x128_3_6211a449db.jpg",
    "price": 2.99,
    "quantity": 0.2,
    "unitPrice": 14.95
  },
  {
    "name": "Westacre Colby Cheese Block",
    "url": "https://www.aldi.com.au/en/groceries/fresh-produce/dairy-eggs/dairy-eggs-detail/ps/p/westacre-colby-cheese-block-500g-1/",
    "img": "https://www.aldi.com.au/fileadmin/_processed_/1/8/csm_ALN2793_CHEESE_DAIRY_AWARDS_1x1_228x128_5_9098e2447c.jpg",
    "price": 6.99,
    "quantity": 0.5,
    "unitPrice": 13.98
  },
  {
    "name": "Westacre Dairy Wrapped Cheese Slices",
    "url": "https://www.aldi.com.au/en/groceries/fresh-produce/dairy-eggs/dairy-eggs-detail/ps/p/westacre-dairy-wrapped-cheese-slices-432g-1/",
    "img": "https://www.aldi.com.au/fileadmin/_processed_/9/b/csm_1001829-2_Q1-WEB-AUDIT_DAIRY-EGGS_1x1_228x128_19_RET_927fbded8d.png",
    "price": 4.29,
    "quantity": 0.432,
    "unitPrice": 9.93
  },
  {
    "name": "Westacre Dairy Wrapped Cheese Slices",
    "url": "https://www.aldi.com.au/en/groceries/fresh-produce/dairy-eggs/dairy-eggs-detail/ps/p/westacre-dairy-wrapped-cheese-slices-432g/",
    "img": "https://www.aldi.com.au/fileadmin/_processed_/c/a/csm_1001605-3_1x1_Q4_WEB-AUDIT_DAIRY_228x128_5_3368b9ee8d.jpg",
    "price": 4.29,
    "quantity": 0.432,
    "unitPrice": 9.93
  },
  {
    "name": "Westacre Dairy Vintage Cheese Slices",
    "url": "https://www.aldi.com.au/en/groceries/fresh-produce/dairy-eggs/dairy-eggs-detail/ps/p/westacre-dairy-vintage-cheese-slices-250g/",
    "img": "https://www.aldi.com.au/fileadmin/_processed_/f/a/csm_1001605-3_1x1_Q4_WEB-AUDIT_DAIRY_228x128_6_f09f0ae7fa.jpg",
    "price": 4.49,
    "quantity": 0.25,
    "unitPrice": 17.96
  },
  {
    "name": "Westacre Dairy Tasty Cheese Slices",
    "url": "https://www.aldi.com.au/en/groceries/fresh-produce/dairy-eggs/dairy-eggs-detail/ps/p/westacre-dairy-tasty-cheese-slices-250g/",
    "img": "https://www.aldi.com.au/fileadmin/_processed_/9/2/csm_1001605-3_1x1_Q4_WEB-AUDIT_DAIRY_228x128_7_90227986ed.jpg",
    "price": 4.49,
    "quantity": 0.25,
    "unitPrice": 17.96
  },
  {
    "name": "Manhattan Cottage Cheese",
    "url": "https://www.aldi.com.au/en/groceries/fresh-produce/dairy-eggs/dairy-eggs-detail/ps/p/manhattan-cottage-cheese-500g-1/",
    "img": "https://www.aldi.com.au/fileadmin/_processed_/f/5/csm_ALN2853_AWARDS_CHEESE_1x1_228x128_4_03b377115d.jpg",
    "price": 5.49,
    "quantity": 0.5,
    "unitPrice": 10.98
  },
  {
    "name": "Emporium Selection Smooth Ricotta",
    "url": "https://www.aldi.com.au/en/groceries/fresh-produce/dairy-eggs/dairy-eggs-detail/ps/p/emporium-selection-smooth-ricotta-375g-2/",
    "img": "https://www.aldi.com.au/fileadmin/_processed_/1/6/csm_ALN2364_AWARDS_CHEESE_1x1_228x128_10_487a26440c.jpg",
    "price": 3.29,
    "quantity": 0.375,
    "unitPrice": 8.77
  },
  {
    "name": "Emporium Selection Apricot & Almond Cream Cheese",
    "url": "https://www.aldi.com.au/en/groceries/fresh-produce/dairy-eggs/dairy-eggs-detail/ps/p/emporium-selection-apricot-almond-cream-cheese-200-1/",
    "img": "https://www.aldi.com.au/fileadmin/_processed_/7/2/csm_ALN2853_AWARDS_CHEESE_1x1_228x128_5_45551ddf4a.jpg",
    "price": 3.69,
    "quantity": 0.2,
    "unitPrice": 18.45
  },
  {
    "name": "Snackers Market Salami, Cheese and Crackers",
    "url": "https://www.aldi.com.au/en/groceries/fresh-produce/dairy-eggs/dairy-eggs-detail/ps/p/snackers-market-salami-cheese-and-crackers-50g/",
    "img": "https://www.aldi.com.au/fileadmin/_processed_/f/5/csm_1002179-1_Q2_WEB_AUDIT_1x1_228x128_1_RET_ed6429311a.png",
    "price": 2.99,
    "quantity": 0.05,
    "unitPrice": 59.8
  },
  {
    "name": "Snackers Market Cheese & Pretzels",
    "url": "https://www.aldi.com.au/en/groceries/fresh-produce/dairy-eggs/dairy-eggs-detail/ps/p/snackers-market-cheese-pretzels-40g/",
    "img": "https://www.aldi.com.au/fileadmin/_processed_/9/4/csm_1001605-11_1x1_Q4_WEB-AUDIT_SNACKS_228x128_2_7ea210ebc3.jpg",
    "price": 1.99,
    "quantity": 0.04,
    "unitPrice": 49.75
  },
  {
    "name": "Snackers Market Cheese & Mini Crackers",
    "url": "https://www.aldi.com.au/en/groceries/fresh-produce/dairy-eggs/dairy-eggs-detail/ps/p/snackers-market-cheese-mini-crackers-35g/",
    "img": "https://www.aldi.com.au/fileadmin/_processed_/2/4/csm_1001605-11_1x1_Q4_WEB-AUDIT_SNACKS_228x128_3_d79229784a.jpg",
    "price": 1.99,
    "quantity": 0.035,
    "unitPrice": 56.86
  },
  {
    "name": "Snackers Market Cheese Strips",
    "url": "https://www.aldi.com.au/en/groceries/fresh-produce/dairy-eggs/dairy-eggs-detail/ps/p/snackers-market-cheese-strips-8pk168g/",
    "img": "https://www.aldi.com.au/fileadmin/_processed_/e/0/csm_1001605-11_1x1_Q4_WEB-AUDIT_SNACKS_228x128_6_88316db964.jpg",
    "price": 3.79,
    "quantity": 0.168,
    "unitPrice": 22.56
  },
  {
    "name": "Snackers Market Cheese, Ham & Crackers",
    "url": "https://www.aldi.com.au/en/groceries/fresh-produce/dairy-eggs/dairy-eggs-detail/ps/p/snackers-market-cheese-ham-crackers-60g-1/",
    "img": "https://www.aldi.com.au/fileadmin/_processed_/2/3/csm_1001605-11_1x1_Q4_WEB-AUDIT_SNACKS_228x128_4_ff78c7bfe2.jpg",
    "price": 2.99,
    "quantity": 0.06,
    "unitPrice": 49.83
  },
  {
    "name": "Snackers Market Dip & Crackers",
    "url": "https://www.aldi.com.au/en/groceries/fresh-produce/dairy-eggs/dairy-eggs-detail/ps/p/snackers-market-dip-crackers-65g/",
    "img": "https://www.aldi.com.au/fileadmin/_processed_/2/b/csm_1001605-11_1x1_Q4_WEB-AUDIT_SNACKS_228x128_5_89f26fda0e.jpg",
    "price": 1.69,
    "quantity": 0.065,
    "unitPrice": 26
  },
  {
    "name": "Snackers Market Tasty Cheese and Crackers",
    "url": "https://www.aldi.com.au/en/groceries/fresh-produce/dairy-eggs/dairy-eggs-detail/ps/p/snackers-market-tasty-cheese-and-crackers-4pk/",
    "img": "https://www.aldi.com.au/fileadmin/_processed_/4/c/csm_1002179-1_Q2_WEB_AUDIT_1x1_228x128_31_RET_6fde0cfbb4.png",
    "price": 3.99,
    "quantity": 4,
    "unitPrice": 1
  },
  {
    "name": "Snackers Market Cheese Streamers",
    "url": "https://www.aldi.com.au/en/groceries/fresh-produce/dairy-eggs/dairy-eggs-detail/ps/p/snackers-market-cheese-streamers-160g/",
    "img": "https://www.aldi.com.au/fileadmin/_processed_/c/2/csm_1002179-1_Q2_WEB_AUDIT_1x1_228x128_32_RET_4ffd57aba7.png",
    "price": 4.29,
    "quantity": 0.16,
    "unitPrice": 26.81
  },
  {
    "name": "Snackers Market Cheese and Cabanossi",
    "url": "https://www.aldi.com.au/en/groceries/fresh-produce/dairy-eggs/dairy-eggs-detail/ps/p/snackers-market-cheese-and-cabanossi-50g/",
    "img": "https://www.aldi.com.au/fileadmin/_processed_/7/a/csm_1002179-1_Q2_WEB_AUDIT_1x1_228x128_33_RET_bff6c41a9e.png",
    "price": 2.79,
    "quantity": 0.05,
    "unitPrice": 55.8
  },
  {
    "name": "Snackers Market Edam Gouda Squares",
    "url": "https://www.aldi.com.au/en/groceries/fresh-produce/dairy-eggs/dairy-eggs-detail/ps/p/snackers-market-edam-gouda-squares-100g/",
    "img": "https://www.aldi.com.au/fileadmin/_processed_/e/7/csm_1002179-1_Q2_WEB_AUDIT_1x1_228x128_34_RET_3bab19f358.png",
    "price": 2.99,
    "quantity": 0.1,
    "unitPrice": 29.9
  },
  {
    "name": "FARMDALE Thickened Cream",
    "url": "https://www.aldi.com.au/en/groceries/fresh-produce/dairy-eggs/dairy-eggs-detail/ps/p/farmdale-thickened-cream-600ml-1/",
    "img": "https://www.aldi.com.au/fileadmin/_processed_/6/4/csm_1001349_ALN-1_1x1_Q3_WEB-AUDIT_228x128_30_8db06f2cb0.jpg",
    "price": 4.49,
    "quantity": 0.6,
    "unitPrice": 7.48
  },
  {
    "name": "FARMDALE Light Thickened Cream",
    "url": "https://www.aldi.com.au/en/groceries/fresh-produce/dairy-eggs/dairy-eggs-detail/ps/p/farmdale-light-thickened-cream-300ml/",
    "img": "https://www.aldi.com.au/fileadmin/_processed_/9/a/csm_1001349_ALN-1_1x1_Q3_WEB-AUDIT_228x128_31_768538229c.jpg",
    "price": 2.79,
    "quantity": 0.3,
    "unitPrice": 9.3
  },
  {
    "name": "FARMDALE Double Cream",
    "url": "https://www.aldi.com.au/en/groceries/fresh-produce/dairy-eggs/dairy-eggs-detail/ps/p/farmdale-double-cream-300ml-2/",
    "img": "https://www.aldi.com.au/fileadmin/_processed_/4/0/csm_1001349_ALN-1_1x1_Q3_WEB-AUDIT_228x128_32_1a2121a64d.jpg",
    "price": 4.39,
    "quantity": 0.3,
    "unitPrice": 14.63
  },
  {
    "name": "FARMDALE Sour Cream",
    "url": "https://www.aldi.com.au/en/groceries/fresh-produce/dairy-eggs/dairy-eggs-detail/ps/p/farmdale-sour-cream-300g-1/",
    "img": "https://www.aldi.com.au/fileadmin/_processed_/0/f/csm_1001349_ALN-1_1x1_Q3_WEB-AUDIT_228x128_33_687ba50e06.jpg",
    "price": 3.19,
    "quantity": 0.3,
    "unitPrice": 10.63
  },
  {
    "name": "FARMDALE Light Sour Cream",
    "url": "https://www.aldi.com.au/en/groceries/fresh-produce/dairy-eggs/dairy-eggs-detail/ps/p/farmdale-light-sour-cream-300g/",
    "img": "https://www.aldi.com.au/fileadmin/_processed_/4/9/csm_1001349_ALN-1_1x1_Q3_WEB-AUDIT_228x128_34_d1ae85f778.jpg",
    "price": 3.19,
    "quantity": 0.3,
    "unitPrice": 10.63
  },
  {
    "name": "Farmdale Whipped Cream",
    "url": "https://www.aldi.com.au/en/groceries/fresh-produce/dairy-eggs/dairy-eggs-detail/ps/p/farmdale-whipped-cream-250g/",
    "img": "https://www.aldi.com.au/fileadmin/_processed_/0/9/csm_1001605-3_1x1_Q4_WEB-AUDIT_DAIRY_228x128_17_47dad4f98a.jpg",
    "price": 5.29,
    "quantity": 0.25,
    "unitPrice": 21.16
  },
  {
    "name": "Farmdale Pouring Cream",
    "url": "https://www.aldi.com.au/en/groceries/fresh-produce/dairy-eggs/dairy-eggs-detail/ps/p/farmdale-pouring-cream-300ml/",
    "img": "https://www.aldi.com.au/fileadmin/_processed_/7/5/csm_1002179-1_Q2_WEB_AUDIT_1x1_228x128_29_RET_5766ce02ce.png",
    "price": 2.79,
    "quantity": 0.3,
    "unitPrice": 9.3
  },
  {
    "name": "Farmdale Thickened Cream",
    "url": "https://www.aldi.com.au/en/groceries/fresh-produce/dairy-eggs/dairy-eggs-detail/ps/p/farmdale-thickened-cream-300ml/",
    "img": "https://www.aldi.com.au/fileadmin/_processed_/d/5/csm_1002179-1_Q2_WEB_AUDIT_1x1_228x128_30_RET_1efa46919e.png",
    "price": 2.79,
    "quantity": 0.3,
    "unitPrice": 9.3
  },
  {
    "name": "Lyttos Greek Style Natural Yogurt",
    "url": "https://www.aldi.com.au/en/groceries/fresh-produce/dairy-eggs/dairy-eggs-detail/ps/p/lyttos-greek-style-natural-yogurt-2kg-3/",
    "img": "https://www.aldi.com.au/fileadmin/_processed_/f/2/csm_1001829-2_Q1-WEB-AUDIT_DAIRY-EGGS_1x1_228x128_4_RET_a785f0c55e.png",
    "price": 11.49,
    "quantity": 2,
    "unitPrice": 5.75
  },
  {
    "name": "Brooklea Joi Mango Yogurt",
    "url": "https://www.aldi.com.au/en/groceries/fresh-produce/dairy-eggs/dairy-eggs-detail/ps/p/brooklea-joi-mango-yogurt-1kg/",
    "img": "https://www.aldi.com.au/fileadmin/_processed_/9/e/csm_1001829-2_Q1-WEB-AUDIT_DAIRY-EGGS_1x1_228x128_5_RET_7e3a6d1a41.png",
    "price": 3.69,
    "quantity": 1,
    "unitPrice": 3.69
  },
  {
    "name": "Brooklea Family Lite Yogurt",
    "url": "https://www.aldi.com.au/en/groceries/fresh-produce/dairy-eggs/dairy-eggs-detail/ps/p/brooklea-family-lite-yogurt-1kg/",
    "img": "https://www.aldi.com.au/fileadmin/_processed_/4/b/csm_1001829-2_Q1-WEB-AUDIT_DAIRY-EGGS_1x1_228x128_6_RET_968b822e15.png",
    "price": 3.69,
    "quantity": 1,
    "unitPrice": 3.69
  },
  {
    "name": "Brooklea Organic Natural Yogurt",
    "url": "https://www.aldi.com.au/en/groceries/fresh-produce/dairy-eggs/dairy-eggs-detail/ps/p/brooklea-organic-natural-yogurt-1kg/",
    "img": "https://www.aldi.com.au/fileadmin/_processed_/2/9/csm_1001829-2_Q1-WEB-AUDIT_DAIRY-EGGS_1x1_228x128_7_RET_89c641d073.png",
    "price": 4.99,
    "quantity": 1,
    "unitPrice": 4.99
  },
  {
    "name": "Brooklea Organic Vanilla Bean Yogurt",
    "url": "https://www.aldi.com.au/en/groceries/fresh-produce/dairy-eggs/dairy-eggs-detail/ps/p/brooklea-organic-vanilla-bean-yogurt-1kg/",
    "img": "https://www.aldi.com.au/fileadmin/_processed_/b/1/csm_1001829-2_Q1-WEB-AUDIT_DAIRY-EGGS_1x1_228x128_8_RET_8faff75aa5.png",
    "price": 4.99,
    "quantity": 1,
    "unitPrice": 4.99
  },
  {
    "name": "Premiere Fruit Swirl Blueberry Yogurt",
    "url": "https://www.aldi.com.au/en/groceries/fresh-produce/dairy-eggs/dairy-eggs-detail/ps/p/premiere-fruit-swirl-blueberry-yogurt-720g/",
    "img": "https://www.aldi.com.au/fileadmin/_processed_/b/c/csm_1001829-2_Q1-WEB-AUDIT_DAIRY-EGGS_1x1_228x128_9_RET_92604227bf.png",
    "price": 5.49,
    "quantity": 0.72,
    "unitPrice": 7.63
  },
  {
    "name": "Brooklea Greek Style Yoghurt No Added Sugar",
    "url": "https://www.aldi.com.au/en/groceries/fresh-produce/dairy-eggs/dairy-eggs-detail/ps/p/brooklea-greek-style-yoghurt-no-added-sugar-750g/",
    "img": "https://www.aldi.com.au/fileadmin/_processed_/b/0/csm_1001829-2_Q1-WEB-AUDIT_DAIRY-EGGS_1x1_228x128_3_RET_e649062582.png",
    "price": 4.99,
    "quantity": 0.75,
    "unitPrice": 6.65
  },
  {
    "name": "PremiÃ©re Mango Yogurt",
    "url": "https://www.aldi.com.au/en/groceries/fresh-produce/dairy-eggs/dairy-eggs-detail/ps/p/premire-mango-yogurt-4x115g/",
    "img": "https://www.aldi.com.au/fileadmin/_processed_/8/7/csm_1001829-2_Q1-WEB-AUDIT_DAIRY-EGGS_1x1_228x128_10_RET_3d637e8e37.png",
    "price": 3.49,
    "quantity": 0.115,
    "unitPrice": 30.35
  },
  {
    "name": "Brooklea Joi Deluxe Yogurt Classics 6 x",
    "url": "https://www.aldi.com.au/en/groceries/fresh-produce/dairy-eggs/dairy-eggs-detail/ps/p/brooklea-joi-deluxe-yogurt-classics-6-x-150g/",
    "img": "https://www.aldi.com.au/fileadmin/_processed_/c/b/csm_1001829-2_Q1-WEB-AUDIT_DAIRY-EGGS_1x1_228x128_11_RET_0c87f6f972.png",
    "price": 3.99,
    "quantity": 0.15,
    "unitPrice": 26.6
  },
  {
    "name": "Brooklea Yogurt Squishies",
    "url": "https://www.aldi.com.au/en/groceries/fresh-produce/dairy-eggs/dairy-eggs-detail/ps/p/brooklea-yogurt-squishies-70g/",
    "img": "https://www.aldi.com.au/fileadmin/_processed_/9/e/csm_1001829-2_Q1-WEB-AUDIT_DAIRY-EGGS_1x1_228x128_12_RET_cc0b55ce80.png",
    "price": 0.69,
    "quantity": 0.07,
    "unitPrice": 9.86
  },
  {
    "name": "Brooklea Yogurt Assorted Varieties",
    "url": "https://www.aldi.com.au/en/groceries/fresh-produce/dairy-eggs/dairy-eggs-detail/ps/p/brooklea-yogurt-assorted-varieties-100g/",
    "img": "https://www.aldi.com.au/fileadmin/_processed_/3/7/csm_1001829-2_Q1-WEB-AUDIT_DAIRY-EGGS_1x1_228x128_13_RET_R_99ff7c7c64.png",
    "price": 1.39,
    "quantity": 0.1,
    "unitPrice": 13.9
  },
  {
    "name": "Chocolate Stampede Dairy Snack",
    "url": "https://www.aldi.com.au/en/groceries/fresh-produce/dairy-eggs/dairy-eggs-detail/ps/p/chocolate-stampede-dairy-snack-12pk/",
    "img": "https://www.aldi.com.au/fileadmin/_processed_/2/4/csm_1000855_ALN-10_1x1_Q1_WEB-AUDIT_228x128_14_f56f1d7291.jpg",
    "price": 4.99,
    "quantity": 12,
    "unitPrice": 0.42
  },
  {
    "name": "Chocolate Stampede Dairy Snack",
    "url": "https://www.aldi.com.au/en/groceries/fresh-produce/dairy-eggs/dairy-eggs-detail/ps/p/chocolate-stampede-dairy-snack-140g/",
    "img": "https://www.aldi.com.au/fileadmin/_processed_/7/c/csm_1000855_ALN-10_1x1_Q1_WEB-AUDIT_228x128_44_565cb72d82.jpg",
    "price": 1.99,
    "quantity": 0.14,
    "unitPrice": 14.21
  },
  {
    "name": "Vanilla Flavoured Custard Pouch",
    "url": "https://www.aldi.com.au/en/groceries/fresh-produce/dairy-eggs/dairy-eggs-detail/ps/p/vanilla-flavoured-custard-pouch-70g/",
    "img": "https://www.aldi.com.au/fileadmin/_processed_/1/2/csm_1000855_ALN-10_1x1_Q1_WEB-AUDIT_228x128_45_b5f0367005.jpg",
    "price": 1.59,
    "quantity": 0.07,
    "unitPrice": 22.71
  },
  {
    "name": "Chocolate Flavoured Custard Pouch",
    "url": "https://www.aldi.com.au/en/groceries/fresh-produce/dairy-eggs/dairy-eggs-detail/ps/p/chocolate-flavoured-custard-pouch-70g/",
    "img": "https://www.aldi.com.au/fileadmin/_processed_/9/1/csm_1000855_ALN-10_1x1_Q1_WEB-AUDIT_228x128_46_a160a8745f.jpg",
    "price": 1.59,
    "quantity": 0.07,
    "unitPrice": 22.71
  },
  {
    "name": "Marvellicious Choc Mousse",
    "url": "https://www.aldi.com.au/en/groceries/fresh-produce/dairy-eggs/dairy-eggs-detail/ps/p/marvellicious-choc-mousse-12pk/",
    "img": "https://www.aldi.com.au/fileadmin/_processed_/8/f/csm_1000855_ALN-10_1x1_Q1_WEB-AUDIT_228x128_47_7aedc4de26.jpg",
    "price": 5.99,
    "quantity": 12,
    "unitPrice": 0.5
  },
  {
    "name": "Food Envy Chocolate Mousse 2 x",
    "url": "https://www.aldi.com.au/en/groceries/fresh-produce/dairy-eggs/dairy-eggs-detail/ps/p/food-envy-chocolate-mousse-2-x-62g/",
    "img": "https://www.aldi.com.au/fileadmin/_processed_/7/e/csm_ALN3248_Q1_WEB-AUDIT__DAIRY_EGGS__1x1_228x128_4_e3a0ee5c70.jpg",
    "price": 2.49,
    "quantity": 0.062,
    "unitPrice": 40.16
  },
  {
    "name": "Food Envy Chocolate Mousse with Salted Caramel 2 x",
    "url": "https://www.aldi.com.au/en/groceries/fresh-produce/dairy-eggs/dairy-eggs-detail/ps/p/food-envy-chocolate-mousse-with-salted-caramel-2-x/",
    "img": "https://www.aldi.com.au/fileadmin/_processed_/1/b/csm_ALN3248_Q1_WEB-AUDIT__DAIRY_EGGS__1x1_228x128_5_edbf29aec3.jpg",
    "price": 2.49,
    "quantity": 0.062,
    "unitPrice": 40.16
  },
  {
    "name": "Food Envy CrÃ¨me Caramel 2 x",
    "url": "https://www.aldi.com.au/en/groceries/fresh-produce/dairy-eggs/dairy-eggs-detail/ps/p/food-envy-creme-caramel-2-x-150g-1/",
    "img": "https://www.aldi.com.au/fileadmin/_processed_/f/1/csm_ALN3248_Q1_WEB-AUDIT__DAIRY_EGGS__1x1_228x128_6_07c958019c.jpg",
    "price": 2.49,
    "quantity": 0.15,
    "unitPrice": 16.6
  },
  {
    "name": "Vanilla Flavoured Custard",
    "url": "https://www.aldi.com.au/en/groceries/fresh-produce/dairy-eggs/dairy-eggs-detail/ps/p/vanilla-flavoured-custard-1kg/",
    "img": "https://www.aldi.com.au/fileadmin/_processed_/7/6/csm_1000855_ALN-10_1x1_Q1_WEB-AUDIT_228x128_15_87e4eee3c0.jpg",
    "price": 2.79,
    "quantity": 1,
    "unitPrice": 2.79
  },
  {
    "name": "Food Envy Sweet Crepes",
    "url": "https://www.aldi.com.au/en/groceries/fresh-produce/dairy-eggs/dairy-eggs-detail/ps/p/food-envy-sweet-crepes-8pk480g/",
    "img": "https://www.aldi.com.au/fileadmin/_processed_/e/0/csm_ALN3354_Q2-WEB-AUDIT_1x1_228x128_17_73f0b20c55.jpg",
    "price": 3.99,
    "quantity": 0.48,
    "unitPrice": 8.31
  },
  {
    "name": "Food Envy Mini Dutch Pancakes",
    "url": "https://www.aldi.com.au/en/groceries/fresh-produce/dairy-eggs/dairy-eggs-detail/ps/p/food-envy-mini-dutch-pancakes-250g/",
    "img": "https://www.aldi.com.au/fileadmin/_processed_/3/7/csm_ALN3354_Q2-WEB-AUDIT_1x1_228x128_18_6fb664c9f3.jpg",
    "price": 3.99,
    "quantity": 0.25,
    "unitPrice": 15.96
  },
  {
    "name": "Food Envy Rice Pudding Vanilla Bean 2 x",
    "url": "https://www.aldi.com.au/en/groceries/fresh-produce/dairy-eggs/dairy-eggs-detail/ps/p/food-envy-rice-pudding-vanilla-bean-2-x-170g/",
    "img": "https://www.aldi.com.au/fileadmin/_processed_/f/c/csm_ALN3354_Q2-WEB-AUDIT_1x1_228x128_19_223a4235f9.jpg",
    "price": 2.49,
    "quantity": 0.17,
    "unitPrice": 14.65
  },
  {
    "name": "Food Envy Italian Family Desserts",
    "url": "https://www.aldi.com.au/en/groceries/fresh-produce/dairy-eggs/dairy-eggs-detail/ps/p/food-envy-italian-family-desserts-500g/",
    "img": "https://www.aldi.com.au/fileadmin/_processed_/6/7/csm_ALN3354_Q2-WEB-AUDIT_1x1_228x128_20_ef22d1b70f.jpg",
    "price": 4.5,
    "quantity": 0.5,
    "unitPrice": 9
  },
  {
    "name": "Farmdale Custard",
    "url": "https://www.aldi.com.au/en/groceries/fresh-produce/dairy-eggs/dairy-eggs-detail/ps/p/farmdale-custard-1l/",
    "img": "https://www.aldi.com.au/fileadmin/_processed_/6/e/csm_1001349_ALN-1_1x1_Q3_WEB-AUDIT_228x128_53_f096b2a33b.jpg",
    "price": 2.49,
    "quantity": 1,
    "unitPrice": 2.49
  },
  {
    "name": "Pickâ€™d Orange Pulp",
    "url": "https://www.aldi.com.au/en/groceries/fresh-produce/dairy-eggs/dairy-eggs-detail/ps/p/pickd-orange-pulp-2l/",
    "img": "https://www.aldi.com.au/fileadmin/_processed_/c/f/csm_1002179-1_Q2_WEB_AUDIT_1x1_228x128_25_RET_4513897aeb.png",
    "price": 4.49,
    "quantity": 2,
    "unitPrice": 2.25
  },
  {
    "name": "Pickâ€™d Orange Pulp Free",
    "url": "https://www.aldi.com.au/en/groceries/fresh-produce/dairy-eggs/dairy-eggs-detail/ps/p/pickd-orange-pulp-free-2l/",
    "img": "https://www.aldi.com.au/fileadmin/_processed_/0/7/csm_1002179-1_Q2_WEB_AUDIT_1x1_228x128_26_RET_ad1fd85ee7.png",
    "price": 4.49,
    "quantity": 2,
    "unitPrice": 2.25
  }
]