{
  "SeoMetaTags": {
    "Title": "",
    "MetaDescription": "Shop online at Woolworths for your groceries. We’re here to help you eat fresher & healthier food, 7 days a week with low prices always.",
    "Groups": []
  },
  "Bundles": [
    {
      "Products": [
        {
          "TileID": 0,
          "Stockcode": 768567,
          "Barcode": "9300633450403",
          "GtinFormat": 13,
          "CupPrice": 5,
          "InstoreCupPrice": 5,
          "CupMeasure": "1KG",
          "CupString": "$5.00 / 1KG",
          "InstoreCupString": "$5.00 / 1KG",
          "HasCupPrice": true,
          "InstoreHasCupPrice": true,
          "Price": 5,
          "InstorePrice": 5,
          "Name": "Woolworths Winter Veg Mix",
          "DisplayName": "Woolworths Winter Veg Mix 1kg",
          "UrlFriendlyName": "woolworths-winter-veg-mix",
          "Description": " Woolworths Winter Veg Mix 1Kg",
          "SmallImageFile": "https://cdn0.woolworths.media/content/wowproductimages/small/768567.jpg",
          "MediumImageFile": "https://cdn0.woolworths.media/content/wowproductimages/medium/768567.jpg",
          "LargeImageFile": "https://cdn0.woolworths.media/content/wowproductimages/large/768567.jpg",
          "IsNew": false,
          "IsHalfPrice": false,
          "IsOnlineOnly": false,
          "IsOnSpecial": false,
          "InstoreIsOnSpecial": false,
          "IsEdrSpecial": false,
          "SavingsAmount": 0,
          "InstoreSavingsAmount": 0,
          "WasPrice": 5,
          "InstoreWasPrice": 5,
          "QuantityInTrolley": 0,
          "Unit": "Each",
          "MinimumQuantity": 1,
          "HasBeenBoughtBefore": false,
          "IsInTrolley": false,
          "Source": "Aisle.Freezer",
          "SupplyLimit": 44,
          "ProductLimit": 50,
          "MaxSupplyLimitMessage": "44 item(s) left",
          "IsRanged": true,
          "IsInStock": true,
          "PackageSize": "1Kg",
          "IsPmDelivery": true,
          "IsForCollection": true,
          "IsForDelivery": true,
          "IsForExpress": true,
          "ProductRestrictionMessage": null,
          "ProductWarningMessage": null,
          "CentreTag": {
            "TagContent": null,
            "TagLink": null,
            "FallbackText": null,
            "TagType": "None",
            "MultibuyData": null,
            "TagContentText": null,
            "DualImageTagContent": null,
            "PromotionType": "NOT_SET",
            "IsRegisteredRewardCardPromotion": false
          },
          "IsCentreTag": false,
          "ImageTag": {
            "TagContent": null,
            "TagLink": null,
            "FallbackText": "",
            "TagType": "None",
            "MultibuyData": null,
            "TagContentText": null,
            "DualImageTagContent": null,
            "PromotionType": "NOT_SET",
            "IsRegisteredRewardCardPromotion": false
          },
          "HeaderTag": {
            "BackgroundColor": "#c20016",
            "BorderColor": "#c20016",
            "TextColor": "#fff",
            "Content": "LOW PRICE",
            "TagLink": null,
            "Promotion": "LowPrice"
          },
          "HasHeaderTag": true,
          "UnitWeightInGrams": 0,
          "SupplyLimitMessage": "'Woolworths Winter Veg Mix' has a supply limit of 44. The quantity in your cart has been reduced accordingly. To purchase a larger quantity, please contact us on 1800 000 610. Please note we do not supply trade orders.",
          "SmallFormatDescription": "Woolworths Winter Veg Mix",
          "FullDescription": "Woolworths Winter Veg Mix",
          "IsAvailable": true,
          "InstoreIsAvailable": true,
          "IsPurchasable": true,
          "InstoreIsPurchasable": true,
          "AgeRestricted": false,
          "DisplayQuantity": 1,
          "RichDescription": null,
          "HideWasSavedPrice": false,
          "SapCategories": null,
          "Brand": "Woolworths",
          "IsRestrictedByDeliveryMethod": false,
          "FooterTag": {
            "TagContent": "Lower Price Always",
            "TagLink": null,
            "FallbackText": null,
            "TagType": "Html",
            "MultibuyData": null,
            "TagContentText": null,
            "DualImageTagContent": null,
            "PromotionType": "NOT_SET",
            "IsRegisteredRewardCardPromotion": false
          },
          "IsFooterEnabled": true,
          "Diagnostics": "0",
          "IsBundle": false,
          "IsInFamily": false,
          "ChildProducts": null,
          "UrlOverride": null,
          "AdditionalAttributes": {
            "boxedcontents": null,
            "addedvitaminsandminerals": "False",
            "sapdepartmentname": "GROCERIES",
            "spf": null,
            "haircolour": null,
            "lifestyleanddietarystatement": "Gluten Free",
            "sapcategoryname": "FROZEN MEALS",
            "skintype": null,
            "importantinformation": null,
            "allergystatement": "Wheat Free",
            "productdepthmm": null,
            "skincondition": null,
            "ophthalmologistapproved": null,
            "healthstarrating": "5",
            "hairtype": null,
            "fragrance-free": null,
            "sapsegmentname": "MIXED VEGETABLES",
            "suitablefor": null,
            "PiesProductDepartmentsjson": "[{\"Id\":\"1_ACA2FC2\",\"Description\":\"Freezer\"}]",
            "piessubcategorynamesjson": "[\"Mixed Vegetables\",\"Gluten Free\"]",
            "sapsegmentno": "12",
            "productwidthmm": null,
            "contains": null,
            "sapsubcategoryname": "FREEZER - VEGETABLES",
            "dermatologisttested": null,
            "wool_productpackaging": null,
            "dermatologicallyapproved": null,
            "specialsgroupid": null,
            "productimages": "768567.jpg,768567_1.jpg,768567_2.jpg",
            "productheightmm": null,
            "r&r_hidereviews": null,
            "microwavesafe": "False",
            "paba-free": null,
            "lifestyleclaim": null,
            "alcoholfree": null,
            "tgawarning": null,
            "activeconstituents": null,
            "microwaveable": "False",
            "soap-free": null,
            "countryoforigin": null,
            "isexcludedfromsubstitution": "False",
            "productimagecount": "3",
            "r&r_loggedinreviews": null,
            "anti-dandruff": null,
            "servingsize-total-nip": null,
            "tgahealthwarninglink": null,
            "allergenmaybepresent": null,
            "PiesProductDepartmentNodeId": "1_ACA2FC2",
            "parabenfree": "False",
            "vendorarticleid": null,
            "containsgluten": "False",
            "containsnuts": "False",
            "ingredients": "Carrot, Green Bean, Cauliflower Florets, Broccoli Florets.",
            "colour": null,
            "manufacturer": null,
            "sapcategoryno": "97",
            "storageinstructions": "Keep frozen.",
            "tgawarnings": null,
            "piesdepartmentnamesjson": "[\"Freezer\"]",
            "brand": "woolworths",
            "oilfree": null,
            "fragrance": null,
            "antibacterial": "False",
            "non-comedogenic": null,
            "antiseptic": "False",
            "bpafree": "False",
            "vendorcostprice": null,
            "description": "<p>- Snap frozen to lock in the goodness.  - Source of fibre for healthy digestion (As part of a healthy balanced diet).  - Source of Vitamin C for a healthy immune system (As part of a healthy balanced diet).</p>",
            "sweatresistant": null,
            "sapsubcategoryno": "103",
            "claims": null,
            "antioxidant": "False",
            "phbalanced": null,
            "wool_dietaryclaim": null,
            "ophthalmologisttested": null,
            "sulfatefree": "False",
            "servingsperpack-total-nip": null,
            "piescategorynamesjson": "[\"Frozen Vegetables\",\"Frozen Gluten Free\"]",
            "nutritionalinformation": "{\"Name\":\"Nutritional Information\",\"Attributes\":[{\"Id\":702,\"Name\":\"Calcium Quantity Per 100g - Total - NIP\",\"Value\":\"26mg\",\"Description\":\"Calcium Quantity Per 100g - Total - NIP\",\"SortOrder\":71},{\"Id\":47,\"Name\":\"Calcium Quantity Per Serve - Total - NIP\",\"Value\":\"19.5mg\",\"Description\":\"Calcium Quantity Per Serve - Total - NIP\",\"SortOrder\":75},{\"Id\":705,\"Name\":\"Carbohydrate Quantity Per 100g - Total - NIP\",\"Value\":\"3.10g\",\"Description\":\"Carbohydrate Quantity Per 100g - Total - NIP\",\"SortOrder\":83},{\"Id\":706,\"Name\":\"Carbohydrate Quantity Per Serve - Total - NIP\",\"Value\":\"2.30g\",\"Description\":\"Carbohydrate Quantity Per Serve - Total - NIP\",\"SortOrder\":87},{\"Id\":191,\"Name\":\"Dietary Fibre Quantity Per 100g - Total - NIP\",\"Value\":\"3.30g\",\"Description\":\"Dietary Fibre Quantity Per 100g - Total - NIP\",\"SortOrder\":175},{\"Id\":120,\"Name\":\"Dietary Fibre Quantity Per Serve - Total - NIP\",\"Value\":\"2.50g\",\"Description\":\"Dietary Fibre Quantity Per Serve - Total - NIP\",\"SortOrder\":179},{\"Id\":759,\"Name\":\"Energy kJ Quantity Per 100g - Total - NIP\",\"Value\":\"113.00kJ\",\"Description\":\"Energy kJ Quantity Per 100g - Total - NIP\",\"SortOrder\":239},{\"Id\":760,\"Name\":\"Energy kJ Quantity Per Serve - Total - NIP\",\"Value\":\"85.00kJ\",\"Description\":\"Energy kJ Quantity Per Serve - Total - NIP\",\"SortOrder\":243},{\"Id\":253,\"Name\":\"Fat Saturated Quantity Per 100g - Total - NIP\",\"Value\":\"<1.00g\",\"Description\":\"Fat Saturated Quantity Per 100g - Total - NIP\",\"SortOrder\":251},{\"Id\":258,\"Name\":\"Fat Saturated Quantity Per Serve - Total - NIP\",\"Value\":\"<0.80g\",\"Description\":\"Fat Saturated Quantity Per Serve - Total - NIP\",\"SortOrder\":255},{\"Id\":764,\"Name\":\"Fat Total Quantity Per 100g - Total - NIP\",\"Value\":\"<1.00g\",\"Description\":\"Fat Total Quantity Per 100g - Total - NIP\",\"SortOrder\":263},{\"Id\":166,\"Name\":\"Fat Total Quantity Per 100g - ValueWord - NIP\",\"Value\":\"1.00\",\"Description\":\"Fat Total Quantity Per 100g - ValueWord - NIP\",\"SortOrder\":264},{\"Id\":264,\"Name\":\"Fat Total Quantity Per Serve - Total - NIP\",\"Value\":\"<0.80g\",\"Description\":\"Fat Total Quantity Per Serve - Total - NIP\",\"SortOrder\":267},{\"Id\":402,\"Name\":\"Monounsaturated Quantity Per 100g - Total - NIP\",\"Value\":\"0.02g\",\"Description\":\"Monounsaturated Quantity Per 100g - Total - NIP\",\"SortOrder\":479},{\"Id\":834,\"Name\":\"Monounsaturated Quantity Per Serve - Total - NIP\",\"Value\":\"0.02g\",\"Description\":\"Monounsaturated Quantity Per Serve - Total - NIP\",\"SortOrder\":483},{\"Id\":434,\"Name\":\"Polyunsaturated Quantity Per 100g - Total - NIP\",\"Value\":\"0.04g\",\"Description\":\"Polyunsaturated Quantity Per 100g - Total - NIP\",\"SortOrder\":563},{\"Id\":435,\"Name\":\"Polyunsaturated Quantity Per Serve - Total - NIP\",\"Value\":\"0.03g\",\"Description\":\"Polyunsaturated Quantity Per Serve - Total - NIP\",\"SortOrder\":567},{\"Id\":443,\"Name\":\"Potassium Quantity Per 100g - Total - NIP\",\"Value\":\"259mg\",\"Description\":\"Potassium Quantity Per 100g - Total - NIP\",\"SortOrder\":575},{\"Id\":493,\"Name\":\"Potassium Quantity Per Serve - Total - NIP\",\"Value\":\"194.25mg\",\"Description\":\"Potassium Quantity Per Serve - Total - NIP\",\"SortOrder\":579},{\"Id\":878,\"Name\":\"Protein Quantity Per 100g - Total - NIP\",\"Value\":\"1.50g\",\"Description\":\"Protein Quantity Per 100g - Total - NIP\",\"SortOrder\":587},{\"Id\":882,\"Name\":\"Protein Quantity Per Serve - Total - NIP\",\"Value\":\"1.10g\",\"Description\":\"Protein Quantity Per Serve - Total - NIP\",\"SortOrder\":591},{\"Id\":477,\"Name\":\"Serving Size - Total - NIP\",\"Value\":\"75.00g\",\"Description\":\"Serving Size - Total - NIP\",\"SortOrder\":607},{\"Id\":544,\"Name\":\"Servings Per Pack - Total - NIP\",\"Value\":\"13.00\",\"Description\":\"Servings Per Pack - Total - NIP\",\"SortOrder\":611},{\"Id\":491,\"Name\":\"Sodium Quantity Per 100g - Total - NIP\",\"Value\":\"26.00mg\",\"Description\":\"Sodium Quantity Per 100g - Total - NIP\",\"SortOrder\":623},{\"Id\":495,\"Name\":\"Sodium Quantity Per Serve - Total - NIP\",\"Value\":\"20.00mg\",\"Description\":\"Sodium Quantity Per Serve - Total - NIP\",\"SortOrder\":627},{\"Id\":907,\"Name\":\"Sugars Quantity Per 100g - Prefix - NIP\",\"Value\":null,\"Description\":\"Sugars Quantity Per 100g - Prefix - NIP\",\"SortOrder\":645},{\"Id\":908,\"Name\":\"Sugars Quantity Per 100g - SuffixUnits - NIP\",\"Value\":\"g\",\"Description\":\"Sugars Quantity Per 100g - SuffixUnits - NIP\",\"SortOrder\":646},{\"Id\":909,\"Name\":\"Sugars Quantity Per 100g - Total - NIP\",\"Value\":\"2.60g\",\"Description\":\"Sugars Quantity Per 100g - Total - NIP\",\"SortOrder\":647},{\"Id\":910,\"Name\":\"Sugars Quantity Per 100g - ValueWord - NIP\",\"Value\":\"2.60\",\"Description\":\"Sugars Quantity Per 100g - ValueWord - NIP\",\"SortOrder\":648},{\"Id\":504,\"Name\":\"Sugars Quantity Per Serve - Prefix - NIP\",\"Value\":null,\"Description\":\"Sugars Quantity Per Serve - Prefix - NIP\",\"SortOrder\":649},{\"Id\":911,\"Name\":\"Sugars Quantity Per Serve - SuffixUnits - NIP\",\"Value\":\"g\",\"Description\":\"Sugars Quantity Per Serve - SuffixUnits - NIP\",\"SortOrder\":650},{\"Id\":912,\"Name\":\"Sugars Quantity Per Serve - Total - NIP\",\"Value\":\"2.00g\",\"Description\":\"Sugars Quantity Per Serve - Total - NIP\",\"SortOrder\":651},{\"Id\":572,\"Name\":\"Sugars Quantity Per Serve - ValueWord - NIP\",\"Value\":\"2.00\",\"Description\":\"Sugars Quantity Per Serve - ValueWord - NIP\",\"SortOrder\":652},{\"Id\":593,\"Name\":\"Trans Quantity Per 100g - Total - NIP\",\"Value\":\"0.06mg\",\"Description\":\"Trans Quantity Per 100g - Total - NIP\",\"SortOrder\":667},{\"Id\":510,\"Name\":\"Trans Quantity Per Serve - Total - NIP\",\"Value\":\"0.05mg\",\"Description\":\"Trans Quantity Per Serve - Total - NIP\",\"SortOrder\":671}]}",
            "ovencook": "False",
            "vegetarian": "False",
            "hypo-allergenic": null,
            "timer": null,
            "dermatologistrecommended": null,
            "sapdepartmentno": "5",
            "allergencontains": null,
            "waterresistant": null,
            "friendlydisclaimer": null,
            "recyclableinformation": null,
            "usageinstructions": null,
            "freezable": "False"
          },
          "DetailsImagePaths": [
            "https://cdn0.woolworths.media/content/wowproductimages/large/768567.jpg"
          ],
          "Variety": "Mix",
          "Rating": {
            "ReviewCount": 884,
            "RatingCount": 884,
            "RatingSum": 3730,
            "OneStarCount": 20,
            "TwoStarCount": 18,
            "ThreeStarCount": 103,
            "FourStarCount": 350,
            "FiveStarCount": 393,
            "Average": 4.21945701357466,
            "OneStarPercentage": 2.26244343891403,
            "TwoStarPercentage": 2.03619909502262,
            "ThreeStarPercentage": 11.6515837104072,
            "FourStarPercentage": 39.5927601809955,
            "FiveStarPercentage": 44.4570135746606
          },
          "HasProductSubs": false,
          "IsSponsoredAd": false,
          "AdID": null,
          "AdIndex": null,
          "IsMarketProduct": false,
          "IsGiftable": false,
          "Vendor": null,
          "Untraceable": false,
          "ThirdPartyProductInfo": null,
          "MarketFeatures": null,
          "MarketSpecifications": null,
          "SupplyLimitSource": "StockQuantity",
          "Tags": [
            {
              "Content": {
                "Type": "Label",
                "Position": "Top",
                "Attributes": {
                  "Text": "LOW PRICE",
                  "Promotion": "LowPrice",
                  "BackgroundColor": "#c20016",
                  "BorderColor": "#c20016",
                  "TextColor": "#fff"
                }
              },
              "TemplateId": null,
              "Metadata": null
            }
          ],
          "IsPersonalisedByPurchaseHistory": false,
          "IsFromFacetedSearch": false,
          "NextAvailabilityDate": null,
          "NumberOfSubstitutes": 0,
          "IsPrimaryVariant": false,
          "VariantGroupId": 0,
          "HasVariants": false,
          "VariantTitle": null,
          "IsTobacco": false
        }
      ],
      "Name": "Woolworths Winter Veg Mix",
      "DisplayName": "Woolworths Winter Veg Mix 1kg"
    },
    {
      "Products": [
        {
          "TileID": 0,
          "Stockcode": 777899,
          "Barcode": "9339687211470",
          "GtinFormat": 13,
          "CupPrice": 12.4,
          "InstoreCupPrice": 12.4,
          "CupMeasure": "1KG",
          "CupString": "$12.40 / 1KG",
          "InstoreCupString": "$12.40 / 1KG",
          "HasCupPrice": true,
          "InstoreHasCupPrice": true,
          "Price": 6.2,
          "InstorePrice": 6.2,
          "Name": "Woolworths Frozen Strawberries",
          "DisplayName": "Woolworths Frozen Strawberries 500g",
          "UrlFriendlyName": "woolworths-frozen-strawberries",
          "Description": " Woolworths Frozen<br>Strawberries  500G",
          "SmallImageFile": "https://cdn0.woolworths.media/content/wowproductimages/small/777899.jpg",
          "MediumImageFile": "https://cdn0.woolworths.media/content/wowproductimages/medium/777899.jpg",
          "LargeImageFile": "https://cdn0.woolworths.media/content/wowproductimages/large/777899.jpg",
          "IsNew": false,
          "IsHalfPrice": false,
          "IsOnlineOnly": false,
          "IsOnSpecial": false,
          "InstoreIsOnSpecial": false,
          "IsEdrSpecial": false,
          "SavingsAmount": 0,
          "InstoreSavingsAmount": 0,
          "WasPrice": 6.2,
          "InstoreWasPrice": 6.2,
          "QuantityInTrolley": 0,
          "Unit": "Each",
          "MinimumQuantity": 1,
          "HasBeenBoughtBefore": false,
          "IsInTrolley": false,
          "Source": "Aisle.Freezer",
          "SupplyLimit": 31,
          "ProductLimit": 50,
          "MaxSupplyLimitMessage": "31 item(s) left",
          "IsRanged": true,
          "IsInStock": true,
          "PackageSize": "500G",
          "IsPmDelivery": true,
          "IsForCollection": true,
          "IsForDelivery": true,
          "IsForExpress": true,
          "ProductRestrictionMessage": null,
          "ProductWarningMessage": null,
          "CentreTag": {
            "TagContent": null,
            "TagLink": null,
            "FallbackText": null,
            "TagType": "None",
            "MultibuyData": null,
            "TagContentText": null,
            "DualImageTagContent": null,
            "PromotionType": "NOT_SET",
            "IsRegisteredRewardCardPromotion": false
          },
          "IsCentreTag": false,
          "ImageTag": {
            "TagContent": null,
            "TagLink": null,
            "FallbackText": "",
            "TagType": "None",
            "MultibuyData": null,
            "TagContentText": null,
            "DualImageTagContent": null,
            "PromotionType": "NOT_SET",
            "IsRegisteredRewardCardPromotion": false
          },
          "HeaderTag": {
            "BackgroundColor": "#c20016",
            "BorderColor": "#c20016",
            "TextColor": "#fff",
            "Content": "LOW PRICE",
            "TagLink": null,
            "Promotion": "LowPrice"
          },
          "HasHeaderTag": true,
          "UnitWeightInGrams": 0,
          "SupplyLimitMessage": "'Woolworths Frozen Strawberries' has a supply limit of 31. The quantity in your cart has been reduced accordingly. To purchase a larger quantity, please contact us on 1800 000 610. Please note we do not supply trade orders.",
          "SmallFormatDescription": "Woolworths Frozen Strawberries ",
          "FullDescription": "Woolworths Frozen Strawberries ",
          "IsAvailable": true,
          "InstoreIsAvailable": true,
          "IsPurchasable": true,
          "InstoreIsPurchasable": true,
          "AgeRestricted": false,
          "DisplayQuantity": 1,
          "RichDescription": null,
          "HideWasSavedPrice": false,
          "SapCategories": null,
          "Brand": "Woolworths",
          "IsRestrictedByDeliveryMethod": false,
          "FooterTag": {
            "TagContent": "Lower Price Always",
            "TagLink": null,
            "FallbackText": null,
            "TagType": "Html",
            "MultibuyData": null,
            "TagContentText": null,
            "DualImageTagContent": null,
            "PromotionType": "NOT_SET",
            "IsRegisteredRewardCardPromotion": false
          },
          "IsFooterEnabled": true,
          "Diagnostics": "1",
          "IsBundle": false,
          "IsInFamily": false,
          "ChildProducts": null,
          "UrlOverride": null,
          "AdditionalAttributes": {
            "boxedcontents": null,
            "addedvitaminsandminerals": "False",
            "sapdepartmentname": "GROCERIES",
            "spf": null,
            "haircolour": null,
            "lifestyleanddietarystatement": "Low Salt",
            "sapcategoryname": "FREEZER - DESSERTS & PASTRY",
            "skintype": null,
            "importantinformation": null,
            "allergystatement": "Wheat Free",
            "productdepthmm": null,
            "skincondition": null,
            "ophthalmologistapproved": null,
            "healthstarrating": "5",
            "hairtype": null,
            "fragrance-free": null,
            "sapsegmentname": "FRUIT UP TO 500G",
            "suitablefor": null,
            "PiesProductDepartmentsjson": "[{\"Id\":\"1_ACA2FC2\",\"Description\":\"Freezer\"}]",
            "piessubcategorynamesjson": "[\"Gluten Free\",\"Berries & Tropical\"]",
            "sapsegmentno": "1",
            "productwidthmm": null,
            "contains": null,
            "sapsubcategoryname": "FREEZER - FRUIT",
            "dermatologisttested": null,
            "wool_productpackaging": null,
            "dermatologicallyapproved": null,
            "specialsgroupid": null,
            "productimages": "777899.jpg,777899_1.jpg",
            "productheightmm": null,
            "r&r_hidereviews": null,
            "microwavesafe": "False",
            "paba-free": null,
            "lifestyleclaim": null,
            "alcoholfree": null,
            "tgawarning": null,
            "activeconstituents": null,
            "microwaveable": "False",
            "soap-free": null,
            "countryoforigin": null,
            "isexcludedfromsubstitution": "False",
            "productimagecount": "2",
            "r&r_loggedinreviews": null,
            "anti-dandruff": null,
            "servingsize-total-nip": null,
            "tgahealthwarninglink": null,
            "allergenmaybepresent": null,
            "PiesProductDepartmentNodeId": "1_ACA2FC2",
            "parabenfree": "False",
            "vendorarticleid": null,
            "containsgluten": "False",
            "containsnuts": "False",
            "ingredients": "Sliced Strawberries",
            "colour": null,
            "manufacturer": null,
            "sapcategoryno": "98",
            "storageinstructions": "Keep Frozen",
            "tgawarnings": null,
            "piesdepartmentnamesjson": "[\"Freezer\"]",
            "brand": "woolworths",
            "oilfree": null,
            "fragrance": null,
            "antibacterial": "False",
            "non-comedogenic": null,
            "antiseptic": "False",
            "bpafree": "False",
            "vendorcostprice": null,
            "description": "Source of fibre for healthy digestion (1) Source of vitamin C for a healthy immune system (1) Fruit a day: 1 cup = 1 serve of fruit (1) (1) As part of a healthy balanced diet. One serve of fruit is equal to approximately 150g fruit. Australian Dietary Guidelines recommend 2 serves of fruit per day.",
            "sweatresistant": null,
            "sapsubcategoryno": "15",
            "claims": null,
            "antioxidant": "False",
            "phbalanced": null,
            "wool_dietaryclaim": null,
            "ophthalmologisttested": null,
            "sulfatefree": "False",
            "servingsperpack-total-nip": null,
            "piescategorynamesjson": "[\"Frozen Gluten Free\",\"Frozen Fruit\"]",
            "nutritionalinformation": "{\"Name\":\"Nutritional Information\",\"Attributes\":[{\"Id\":702,\"Name\":\"Calcium Quantity Per 100g - Total - NIP\",\"Value\":\"17mg\",\"Description\":\"Calcium Quantity Per 100g - Total - NIP\",\"SortOrder\":71},{\"Id\":47,\"Name\":\"Calcium Quantity Per Serve - Total - NIP\",\"Value\":\"25.5mg\",\"Description\":\"Calcium Quantity Per Serve - Total - NIP\",\"SortOrder\":75},{\"Id\":705,\"Name\":\"Carbohydrate Quantity Per 100g - Total - NIP\",\"Value\":\"3.90g\",\"Description\":\"Carbohydrate Quantity Per 100g - Total - NIP\",\"SortOrder\":83},{\"Id\":706,\"Name\":\"Carbohydrate Quantity Per Serve - Total - NIP\",\"Value\":\"5.80g\",\"Description\":\"Carbohydrate Quantity Per Serve - Total - NIP\",\"SortOrder\":87},{\"Id\":191,\"Name\":\"Dietary Fibre Quantity Per 100g - Total - NIP\",\"Value\":\"2.50g\",\"Description\":\"Dietary Fibre Quantity Per 100g - Total - NIP\",\"SortOrder\":175},{\"Id\":120,\"Name\":\"Dietary Fibre Quantity Per Serve - Total - NIP\",\"Value\":\"3.80g\",\"Description\":\"Dietary Fibre Quantity Per Serve - Total - NIP\",\"SortOrder\":179},{\"Id\":759,\"Name\":\"Energy kJ Quantity Per 100g - Total - NIP\",\"Value\":\"106.00kJ\",\"Description\":\"Energy kJ Quantity Per 100g - Total - NIP\",\"SortOrder\":239},{\"Id\":760,\"Name\":\"Energy kJ Quantity Per Serve - Total - NIP\",\"Value\":\"159.00kJ\",\"Description\":\"Energy kJ Quantity Per Serve - Total - NIP\",\"SortOrder\":243},{\"Id\":253,\"Name\":\"Fat Saturated Quantity Per 100g - Total - NIP\",\"Value\":\"1.00g\",\"Description\":\"Fat Saturated Quantity Per 100g - Total - NIP\",\"SortOrder\":251},{\"Id\":258,\"Name\":\"Fat Saturated Quantity Per Serve - Total - NIP\",\"Value\":\"1.50g\",\"Description\":\"Fat Saturated Quantity Per Serve - Total - NIP\",\"SortOrder\":255},{\"Id\":764,\"Name\":\"Fat Total Quantity Per 100g - Total - NIP\",\"Value\":\"1.00g\",\"Description\":\"Fat Total Quantity Per 100g - Total - NIP\",\"SortOrder\":263},{\"Id\":166,\"Name\":\"Fat Total Quantity Per 100g - ValueWord - NIP\",\"Value\":\"1.00\",\"Description\":\"Fat Total Quantity Per 100g - ValueWord - NIP\",\"SortOrder\":264},{\"Id\":264,\"Name\":\"Fat Total Quantity Per Serve - Total - NIP\",\"Value\":\"1.50g\",\"Description\":\"Fat Total Quantity Per Serve - Total - NIP\",\"SortOrder\":267},{\"Id\":443,\"Name\":\"Potassium Quantity Per 100g - Total - NIP\",\"Value\":\"142mg\",\"Description\":\"Potassium Quantity Per 100g - Total - NIP\",\"SortOrder\":575},{\"Id\":493,\"Name\":\"Potassium Quantity Per Serve - Total - NIP\",\"Value\":\"213mg\",\"Description\":\"Potassium Quantity Per Serve - Total - NIP\",\"SortOrder\":579},{\"Id\":878,\"Name\":\"Protein Quantity Per 100g - Total - NIP\",\"Value\":\"1.00g\",\"Description\":\"Protein Quantity Per 100g - Total - NIP\",\"SortOrder\":587},{\"Id\":882,\"Name\":\"Protein Quantity Per Serve - Total - NIP\",\"Value\":\"1.50g\",\"Description\":\"Protein Quantity Per Serve - Total - NIP\",\"SortOrder\":591},{\"Id\":477,\"Name\":\"Serving Size - Total - NIP\",\"Value\":\"150.00g\",\"Description\":\"Serving Size - Total - NIP\",\"SortOrder\":607},{\"Id\":544,\"Name\":\"Servings Per Pack - Total - NIP\",\"Value\":\"3.00\",\"Description\":\"Servings Per Pack - Total - NIP\",\"SortOrder\":611},{\"Id\":491,\"Name\":\"Sodium Quantity Per 100g - Total - NIP\",\"Value\":\"5.00mg\",\"Description\":\"Sodium Quantity Per 100g - Total - NIP\",\"SortOrder\":623},{\"Id\":495,\"Name\":\"Sodium Quantity Per Serve - Total - NIP\",\"Value\":\"8.00mg\",\"Description\":\"Sodium Quantity Per Serve - Total - NIP\",\"SortOrder\":627},{\"Id\":907,\"Name\":\"Sugars Quantity Per 100g - Prefix - NIP\",\"Value\":\"Approx.\",\"Description\":\"Sugars Quantity Per 100g - Prefix - NIP\",\"SortOrder\":645},{\"Id\":908,\"Name\":\"Sugars Quantity Per 100g - SuffixUnits - NIP\",\"Value\":\"g\",\"Description\":\"Sugars Quantity Per 100g - SuffixUnits - NIP\",\"SortOrder\":646},{\"Id\":909,\"Name\":\"Sugars Quantity Per 100g - Total - NIP\",\"Value\":\"3.80g\",\"Description\":\"Sugars Quantity Per 100g - Total - NIP\",\"SortOrder\":647},{\"Id\":910,\"Name\":\"Sugars Quantity Per 100g - ValueWord - NIP\",\"Value\":\"3.80\",\"Description\":\"Sugars Quantity Per 100g - ValueWord - NIP\",\"SortOrder\":648},{\"Id\":504,\"Name\":\"Sugars Quantity Per Serve - Prefix - NIP\",\"Value\":\"Approx.\",\"Description\":\"Sugars Quantity Per Serve - Prefix - NIP\",\"SortOrder\":649},{\"Id\":911,\"Name\":\"Sugars Quantity Per Serve - SuffixUnits - NIP\",\"Value\":\"g\",\"Description\":\"Sugars Quantity Per Serve - SuffixUnits - NIP\",\"SortOrder\":650},{\"Id\":912,\"Name\":\"Sugars Quantity Per Serve - Total - NIP\",\"Value\":\"5.70g\",\"Description\":\"Sugars Quantity Per Serve - Total - NIP\",\"SortOrder\":651},{\"Id\":572,\"Name\":\"Sugars Quantity Per Serve - ValueWord - NIP\",\"Value\":\"5.70\",\"Description\":\"Sugars Quantity Per Serve - ValueWord - NIP\",\"SortOrder\":652}]}",
            "ovencook": "False",
            "vegetarian": "False",
            "hypo-allergenic": null,
            "timer": null,
            "dermatologistrecommended": null,
            "sapdepartmentno": "5",
            "allergencontains": null,
            "waterresistant": null,
            "friendlydisclaimer": null,
            "recyclableinformation": null,
            "usageinstructions": null,
            "freezable": "False"
          },
          "DetailsImagePaths": [
            "https://cdn0.woolworths.media/content/wowproductimages/large/777899.jpg"
          ],
          "Variety": null,
          "Rating": {
            "ReviewCount": 554,
            "RatingCount": 554,
            "RatingSum": 2503,
            "OneStarCount": 4,
            "TwoStarCount": 9,
            "ThreeStarCount": 43,
            "FourStarCount": 138,
            "FiveStarCount": 360,
            "Average": 4.51805054151625,
            "OneStarPercentage": 0.72202166064982,
            "TwoStarPercentage": 1.62454873646209,
            "ThreeStarPercentage": 7.76173285198556,
            "FourStarPercentage": 24.9097472924188,
            "FiveStarPercentage": 64.9819494584838
          },
          "HasProductSubs": false,
          "IsSponsoredAd": false,
          "AdID": null,
          "AdIndex": null,
          "IsMarketProduct": false,
          "IsGiftable": false,
          "Vendor": null,
          "Untraceable": false,
          "ThirdPartyProductInfo": null,
          "MarketFeatures": null,
          "MarketSpecifications": null,
          "SupplyLimitSource": "StockQuantity",
          "Tags": [
            {
              "Content": {
                "Type": "Label",
                "Position": "Top",
                "Attributes": {
                  "Text": "LOW PRICE",
                  "Promotion": "LowPrice",
                  "BackgroundColor": "#c20016",
                  "BorderColor": "#c20016",
                  "TextColor": "#fff"
                }
              },
              "TemplateId": null,
              "Metadata": null
            }
          ],
          "IsPersonalisedByPurchaseHistory": false,
          "IsFromFacetedSearch": false,
          "NextAvailabilityDate": null,
          "NumberOfSubstitutes": 0,
          "IsPrimaryVariant": false,
          "VariantGroupId": 0,
          "HasVariants": false,
          "VariantTitle": null,
          "IsTobacco": false
        }
      ],
      "Name": "Woolworths Frozen Strawberries",
      "DisplayName": "Woolworths Frozen Strawberries 500g"
    },
    {
      "Products": [
        {
          "TileID": 0,
          "Stockcode": 322796,
          "Barcode": "9300462451909",
          "GtinFormat": 13,
          "CupPrice": 7.33,
          "InstoreCupPrice": 7.33,
          "CupMeasure": "1KG",
          "CupString": "$7.33 / 1KG",
          "InstoreCupString": "$7.33 / 1KG",
          "HasCupPrice": true,
          "InstoreHasCupPrice": true,
          "Price": 5.5,
          "InstorePrice": 5.5,
          "Name": "Birds Eye Steam Fresh Broccoli, Carrots & Corn",
          "DisplayName": "Birds Eye Steam Fresh Broccoli, Carrots & Corn 750g",
          "UrlFriendlyName": "birds-eye-steam-fresh-broccoli-carrots-corn",
          "Description": " Birds Eye Steam Fresh<br>Broccoli, Carrots &... 750G",
          "SmallImageFile": "https://cdn0.woolworths.media/content/wowproductimages/small/322796.jpg",
          "MediumImageFile": "https://cdn0.woolworths.media/content/wowproductimages/medium/322796.jpg",
          "LargeImageFile": "https://cdn0.woolworths.media/content/wowproductimages/large/322796.jpg",
          "IsNew": false,
          "IsHalfPrice": false,
          "IsOnlineOnly": false,
          "IsOnSpecial": false,
          "InstoreIsOnSpecial": false,
          "IsEdrSpecial": false,
          "SavingsAmount": 0,
          "InstoreSavingsAmount": 0,
          "WasPrice": 5.5,
          "InstoreWasPrice": 5.5,
          "QuantityInTrolley": 0,
          "Unit": "Each",
          "MinimumQuantity": 1,
          "HasBeenBoughtBefore": false,
          "IsInTrolley": false,
          "Source": "Aisle.Freezer",
          "SupplyLimit": 25,
          "ProductLimit": 50,
          "MaxSupplyLimitMessage": "25 item(s) left",
          "IsRanged": true,
          "IsInStock": true,
          "PackageSize": "750G",
          "IsPmDelivery": true,
          "IsForCollection": true,
          "IsForDelivery": true,
          "IsForExpress": true,
          "ProductRestrictionMessage": null,
          "ProductWarningMessage": null,
          "CentreTag": {
            "TagContent": null,
            "TagLink": null,
            "FallbackText": null,
            "TagType": "None",
            "MultibuyData": null,
            "TagContentText": null,
            "DualImageTagContent": null,
            "PromotionType": "NOT_SET",
            "IsRegisteredRewardCardPromotion": false
          },
          "IsCentreTag": false,
          "ImageTag": {
            "TagContent": "/content/promotiontags/boost-to-collect-10x-points-roundel.png",
            "TagLink": null,
            "FallbackText": "Boost to collect 10x points*",
            "TagType": "None",
            "MultibuyData": null,
            "TagContentText": null,
            "DualImageTagContent": null,
            "PromotionType": "NOT_SET",
            "IsRegisteredRewardCardPromotion": false
          },
          "HeaderTag": {
            "BackgroundColor": "#c20016",
            "BorderColor": "#c20016",
            "TextColor": "#fff",
            "Content": "LOW PRICE",
            "TagLink": null,
            "Promotion": "LowPrice"
          },
          "HasHeaderTag": true,
          "UnitWeightInGrams": 0,
          "SupplyLimitMessage": "'Birds Eye Steam Fresh Broccoli, Carrots & Corn' has a supply limit of 25. The quantity in your cart has been reduced accordingly. To purchase a larger quantity, please contact us on 1800 000 610. Please note we do not supply trade orders.",
          "SmallFormatDescription": "Birds Eye Steam Fresh Broccoli, Carrots & Corn",
          "FullDescription": "Birds Eye Steam Fresh Broccoli, Carrots & Corn",
          "IsAvailable": true,
          "InstoreIsAvailable": true,
          "IsPurchasable": true,
          "InstoreIsPurchasable": true,
          "AgeRestricted": false,
          "DisplayQuantity": 1,
          "RichDescription": null,
          "HideWasSavedPrice": false,
          "SapCategories": null,
          "Brand": "Birds Eye",
          "IsRestrictedByDeliveryMethod": false,
          "FooterTag": {
            "TagContent": "Lower Price Always",
            "TagLink": null,
            "FallbackText": null,
            "TagType": "Html",
            "MultibuyData": null,
            "TagContentText": null,
            "DualImageTagContent": null,
            "PromotionType": "NOT_SET",
            "IsRegisteredRewardCardPromotion": false
          },
          "IsFooterEnabled": true,
          "Diagnostics": "2",
          "IsBundle": false,
          "IsInFamily": false,
          "ChildProducts": null,
          "UrlOverride": null,
          "AdditionalAttributes": {
            "boxedcontents": null,
            "addedvitaminsandminerals": "False",
            "sapdepartmentname": "GROCERIES",
            "spf": null,
            "haircolour": null,
            "lifestyleanddietarystatement": "Low Fat",
            "sapcategoryname": "FROZEN MEALS",
            "skintype": null,
            "importantinformation": null,
            "allergystatement": "Wheat Free",
            "productdepthmm": null,
            "skincondition": null,
            "ophthalmologistapproved": null,
            "healthstarrating": "5",
            "hairtype": null,
            "fragrance-free": null,
            "sapsegmentname": "VALUE ADDED - STEAM",
            "suitablefor": null,
            "PiesProductDepartmentsjson": "[{\"Id\":\"1_ACA2FC2\",\"Description\":\"Freezer\"},{\"Id\":\"1_D5A2236\",\"Description\":\"Poultry, Meat & Seafood\"}]",
            "piessubcategorynamesjson": "[\"Mixed Vegetables\",\"Steam Packs\"]",
            "sapsegmentno": "19",
            "productwidthmm": null,
            "contains": null,
            "sapsubcategoryname": "FREEZER - VEGETABLES",
            "dermatologisttested": null,
            "wool_productpackaging": null,
            "dermatologicallyapproved": null,
            "specialsgroupid": null,
            "productimages": "322796.jpg,322796_2.jpg,322796_7.jpg,322796_8.jpg,322796_9.jpg",
            "productheightmm": null,
            "r&r_hidereviews": null,
            "microwavesafe": "False",
            "paba-free": null,
            "lifestyleclaim": null,
            "alcoholfree": null,
            "tgawarning": null,
            "activeconstituents": null,
            "microwaveable": "False",
            "soap-free": null,
            "countryoforigin": null,
            "isexcludedfromsubstitution": "False",
            "productimagecount": "5",
            "r&r_loggedinreviews": null,
            "anti-dandruff": null,
            "servingsize-total-nip": null,
            "tgahealthwarninglink": null,
            "allergenmaybepresent": "Gluten, Tree Nuts, Egg, Soy, Sesame, Wheat, Milk, Fish, Crustacean",
            "PiesProductDepartmentNodeId": "1_ACA2FC2",
            "parabenfree": "False",
            "vendorarticleid": null,
            "containsgluten": "False",
            "containsnuts": "False",
            "ingredients": "Carrot, broccoli, sweet corn.",
            "colour": null,
            "manufacturer": null,
            "sapcategoryno": "97",
            "storageinstructions": "Keep frozen. Store at or below minus 18°C.",
            "tgawarnings": null,
            "piesdepartmentnamesjson": "[\"Freezer\",\"Poultry, Meat & Seafood\"]",
            "brand": "birds eye",
            "oilfree": null,
            "fragrance": null,
            "antibacterial": "False",
            "non-comedogenic": null,
            "antiseptic": "False",
            "bpafree": "False",
            "vendorcostprice": null,
            "description": "- Ready in minutes<br>- Eat with protein of choice for a quick lunch or dinner. <br>- 1 steam bag = 2 of your 5 recommended serves of vegetables every day. <br>- Source of Vitamin C to support immune system function<br>- Source of Vitamin A and fibre. <br>- Snap Frozen: Our vegetables are picked at their prime, then lightly blanched, before being snap frozen. This locks in taste and natural vitamins & minerals, so your family get them as nature intended. <br><br>Birds Eye SteamFresh Carrot, Broccoli & Corn Mix adds great colour, flavour and a healthy touch to all your favourite meals. Quick and easy to prep, this is a nutritious staple to keep in the freezer. <br><br>Cut down food prep time with Birds Eye Carrot, Broccoli & Corn Mix. Made with a selection of snapfrozen, crisp veggies packed in three individual steam bags, this is a convenient way to whip up a side dish or bulk up your veggie intake alongside a roast. You'll love just how quick you can prep this.",
            "sweatresistant": null,
            "sapsubcategoryno": "103",
            "claims": null,
            "antioxidant": "False",
            "phbalanced": null,
            "wool_dietaryclaim": null,
            "ophthalmologisttested": null,
            "sulfatefree": "False",
            "servingsperpack-total-nip": null,
            "piescategorynamesjson": "[\"Frozen Vegetables\"]",
            "nutritionalinformation": "{\"Name\":\"Nutritional Information\",\"Attributes\":[{\"Id\":702,\"Name\":\"Calcium Quantity Per 100g - Total - NIP\",\"Value\":\"26mg\",\"Description\":\"Calcium Quantity Per 100g - Total - NIP\",\"SortOrder\":71},{\"Id\":47,\"Name\":\"Calcium Quantity Per Serve - Total - NIP\",\"Value\":\"19.5mg\",\"Description\":\"Calcium Quantity Per Serve - Total - NIP\",\"SortOrder\":75},{\"Id\":705,\"Name\":\"Carbohydrate Quantity Per 100g - Total - NIP\",\"Value\":\"8.30g\",\"Description\":\"Carbohydrate Quantity Per 100g - Total - NIP\",\"SortOrder\":83},{\"Id\":706,\"Name\":\"Carbohydrate Quantity Per Serve - Total - NIP\",\"Value\":\"12.40g\",\"Description\":\"Carbohydrate Quantity Per Serve - Total - NIP\",\"SortOrder\":87},{\"Id\":191,\"Name\":\"Dietary Fibre Quantity Per 100g - Total - NIP\",\"Value\":\"3.00g\",\"Description\":\"Dietary Fibre Quantity Per 100g - Total - NIP\",\"SortOrder\":175},{\"Id\":120,\"Name\":\"Dietary Fibre Quantity Per Serve - Total - NIP\",\"Value\":\"4.50g\",\"Description\":\"Dietary Fibre Quantity Per Serve - Total - NIP\",\"SortOrder\":179},{\"Id\":759,\"Name\":\"Energy kJ Quantity Per 100g - Total - NIP\",\"Value\":\"229.00kJ\",\"Description\":\"Energy kJ Quantity Per 100g - Total - NIP\",\"SortOrder\":239},{\"Id\":760,\"Name\":\"Energy kJ Quantity Per Serve - Total - NIP\",\"Value\":\"344.00kJ\",\"Description\":\"Energy kJ Quantity Per Serve - Total - NIP\",\"SortOrder\":243},{\"Id\":253,\"Name\":\"Fat Saturated Quantity Per 100g - Total - NIP\",\"Value\":\"<0.10g\",\"Description\":\"Fat Saturated Quantity Per 100g - Total - NIP\",\"SortOrder\":251},{\"Id\":258,\"Name\":\"Fat Saturated Quantity Per Serve - Total - NIP\",\"Value\":\"<0.20g\",\"Description\":\"Fat Saturated Quantity Per Serve - Total - NIP\",\"SortOrder\":255},{\"Id\":764,\"Name\":\"Fat Total Quantity Per 100g - Total - NIP\",\"Value\":\"0.60g\",\"Description\":\"Fat Total Quantity Per 100g - Total - NIP\",\"SortOrder\":263},{\"Id\":166,\"Name\":\"Fat Total Quantity Per 100g - ValueWord - NIP\",\"Value\":\"0.60\",\"Description\":\"Fat Total Quantity Per 100g - ValueWord - NIP\",\"SortOrder\":264},{\"Id\":264,\"Name\":\"Fat Total Quantity Per Serve - Total - NIP\",\"Value\":\"0.90g\",\"Description\":\"Fat Total Quantity Per Serve - Total - NIP\",\"SortOrder\":267},{\"Id\":402,\"Name\":\"Monounsaturated Quantity Per 100g - Total - NIP\",\"Value\":\"0.02g\",\"Description\":\"Monounsaturated Quantity Per 100g - Total - NIP\",\"SortOrder\":479},{\"Id\":834,\"Name\":\"Monounsaturated Quantity Per Serve - Total - NIP\",\"Value\":\"0.02g\",\"Description\":\"Monounsaturated Quantity Per Serve - Total - NIP\",\"SortOrder\":483},{\"Id\":434,\"Name\":\"Polyunsaturated Quantity Per 100g - Total - NIP\",\"Value\":\"0.04g\",\"Description\":\"Polyunsaturated Quantity Per 100g - Total - NIP\",\"SortOrder\":563},{\"Id\":435,\"Name\":\"Polyunsaturated Quantity Per Serve - Total - NIP\",\"Value\":\"0.03g\",\"Description\":\"Polyunsaturated Quantity Per Serve - Total - NIP\",\"SortOrder\":567},{\"Id\":443,\"Name\":\"Potassium Quantity Per 100g - Total - NIP\",\"Value\":\"259mg\",\"Description\":\"Potassium Quantity Per 100g - Total - NIP\",\"SortOrder\":575},{\"Id\":493,\"Name\":\"Potassium Quantity Per Serve - Total - NIP\",\"Value\":\"194.25mg\",\"Description\":\"Potassium Quantity Per Serve - Total - NIP\",\"SortOrder\":579},{\"Id\":878,\"Name\":\"Protein Quantity Per 100g - Total - NIP\",\"Value\":\"2.40g\",\"Description\":\"Protein Quantity Per 100g - Total - NIP\",\"SortOrder\":587},{\"Id\":882,\"Name\":\"Protein Quantity Per Serve - Total - NIP\",\"Value\":\"3.60g\",\"Description\":\"Protein Quantity Per Serve - Total - NIP\",\"SortOrder\":591},{\"Id\":477,\"Name\":\"Serving Size - Total - NIP\",\"Value\":\"150.00g\",\"Description\":\"Serving Size - Total - NIP\",\"SortOrder\":607},{\"Id\":544,\"Name\":\"Servings Per Pack - Total - NIP\",\"Value\":\"5.00\",\"Description\":\"Servings Per Pack - Total - NIP\",\"SortOrder\":611},{\"Id\":491,\"Name\":\"Sodium Quantity Per 100g - Total - NIP\",\"Value\":\"20.00mg\",\"Description\":\"Sodium Quantity Per 100g - Total - NIP\",\"SortOrder\":623},{\"Id\":495,\"Name\":\"Sodium Quantity Per Serve - Total - NIP\",\"Value\":\"30.00mg\",\"Description\":\"Sodium Quantity Per Serve - Total - NIP\",\"SortOrder\":627},{\"Id\":907,\"Name\":\"Sugars Quantity Per 100g - Prefix - NIP\",\"Value\":null,\"Description\":\"Sugars Quantity Per 100g - Prefix - NIP\",\"SortOrder\":645},{\"Id\":908,\"Name\":\"Sugars Quantity Per 100g - SuffixUnits - NIP\",\"Value\":\"g\",\"Description\":\"Sugars Quantity Per 100g - SuffixUnits - NIP\",\"SortOrder\":646},{\"Id\":909,\"Name\":\"Sugars Quantity Per 100g - Total - NIP\",\"Value\":\"2.60g\",\"Description\":\"Sugars Quantity Per 100g - Total - NIP\",\"SortOrder\":647},{\"Id\":910,\"Name\":\"Sugars Quantity Per 100g - ValueWord - NIP\",\"Value\":\"2.60\",\"Description\":\"Sugars Quantity Per 100g - ValueWord - NIP\",\"SortOrder\":648},{\"Id\":504,\"Name\":\"Sugars Quantity Per Serve - Prefix - NIP\",\"Value\":null,\"Description\":\"Sugars Quantity Per Serve - Prefix - NIP\",\"SortOrder\":649},{\"Id\":911,\"Name\":\"Sugars Quantity Per Serve - SuffixUnits - NIP\",\"Value\":\"g\",\"Description\":\"Sugars Quantity Per Serve - SuffixUnits - NIP\",\"SortOrder\":650},{\"Id\":912,\"Name\":\"Sugars Quantity Per Serve - Total - NIP\",\"Value\":\"3.90g\",\"Description\":\"Sugars Quantity Per Serve - Total - NIP\",\"SortOrder\":651},{\"Id\":572,\"Name\":\"Sugars Quantity Per Serve - ValueWord - NIP\",\"Value\":\"3.90\",\"Description\":\"Sugars Quantity Per Serve - ValueWord - NIP\",\"SortOrder\":652},{\"Id\":593,\"Name\":\"Trans Quantity Per 100g - Total - NIP\",\"Value\":\"0.06mg\",\"Description\":\"Trans Quantity Per 100g - Total - NIP\",\"SortOrder\":667},{\"Id\":510,\"Name\":\"Trans Quantity Per Serve - Total - NIP\",\"Value\":\"0.05mg\",\"Description\":\"Trans Quantity Per Serve - Total - NIP\",\"SortOrder\":671}]}",
            "ovencook": "False",
            "vegetarian": "False",
            "hypo-allergenic": null,
            "timer": null,
            "dermatologistrecommended": null,
            "sapdepartmentno": "5",
            "allergencontains": null,
            "waterresistant": null,
            "friendlydisclaimer": null,
            "recyclableinformation": null,
            "usageinstructions": null,
            "freezable": "False"
          },
          "DetailsImagePaths": [
            "https://cdn0.woolworths.media/content/wowproductimages/large/322796.jpg"
          ],
          "Variety": "Broccoli, Carrots & Corn",
          "Rating": {
            "ReviewCount": 122,
            "RatingCount": 122,
            "RatingSum": 577,
            "OneStarCount": 0,
            "TwoStarCount": 2,
            "ThreeStarCount": 2,
            "FourStarCount": 23,
            "FiveStarCount": 95,
            "Average": 4.72950819672131,
            "OneStarPercentage": 0,
            "TwoStarPercentage": 1.63934426229508,
            "ThreeStarPercentage": 1.63934426229508,
            "FourStarPercentage": 18.8524590163934,
            "FiveStarPercentage": 77.8688524590164
          },
          "HasProductSubs": false,
          "IsSponsoredAd": false,
          "AdID": null,
          "AdIndex": null,
          "IsMarketProduct": false,
          "IsGiftable": false,
          "Vendor": null,
          "Untraceable": false,
          "ThirdPartyProductInfo": null,
          "MarketFeatures": null,
          "MarketSpecifications": null,
          "SupplyLimitSource": "StockQuantity",
          "Tags": [
            {
              "Content": {
                "Type": "Label",
                "Position": "Top",
                "Attributes": {
                  "Text": "LOW PRICE",
                  "Promotion": "LowPrice",
                  "BackgroundColor": "#c20016",
                  "BorderColor": "#c20016",
                  "TextColor": "#fff"
                }
              },
              "TemplateId": null,
              "Metadata": null
            },
            {
              "Content": {
                "Type": "Roundel",
                "Position": "Top",
                "Attributes": {
                  "ImagePath": "/content/promotiontags/boost-to-collect-10x-points-roundel.png",
                  "FallbackText": "Boost to collect 10x points*"
                }
              },
              "TemplateId": null,
              "Metadata": null
            }
          ],
          "IsPersonalisedByPurchaseHistory": false,
          "IsFromFacetedSearch": false,
          "NextAvailabilityDate": null,
          "NumberOfSubstitutes": 0,
          "IsPrimaryVariant": false,
          "VariantGroupId": 0,
          "HasVariants": false,
          "VariantTitle": null,
          "IsTobacco": false
        }
      ],
      "Name": "Birds Eye Steam Fresh Broccoli, Carrots & Corn",
      "DisplayName": "Birds Eye Steam Fresh Broccoli, Carrots & Corn 750g"
    },
    {
      "Products": [
        {
          "TileID": 0,
          "Stockcode": 516857,
          "Barcode": "9300633582920",
          "GtinFormat": 13,
          "CupPrice": 3.8,
          "InstoreCupPrice": 3.8,
          "CupMeasure": "1KG",
          "CupString": "$3.80 / 1KG",
          "InstoreCupString": "$3.80 / 1KG",
          "HasCupPrice": true,
          "InstoreHasCupPrice": true,
          "Price": 0.95,
          "InstorePrice": 0.95,
          "Name": "Bell Farms Chopped Spinach",
          "DisplayName": "Bell Farms Chopped Spinach 250g",
          "UrlFriendlyName": "bell-farms-chopped-spinach",
          "Description": " Bell Farms Chopped Spinach  250G",
          "SmallImageFile": "https://cdn0.woolworths.media/content/wowproductimages/small/516857.jpg",
          "MediumImageFile": "https://cdn0.woolworths.media/content/wowproductimages/medium/516857.jpg",
          "LargeImageFile": "https://cdn0.woolworths.media/content/wowproductimages/large/516857.jpg",
          "IsNew": false,
          "IsHalfPrice": false,
          "IsOnlineOnly": false,
          "IsOnSpecial": false,
          "InstoreIsOnSpecial": false,
          "IsEdrSpecial": false,
          "SavingsAmount": 0,
          "InstoreSavingsAmount": 0,
          "WasPrice": 0.95,
          "InstoreWasPrice": 0.95,
          "QuantityInTrolley": 0,
          "Unit": "Each",
          "MinimumQuantity": 1,
          "HasBeenBoughtBefore": false,
          "IsInTrolley": false,
          "Source": "Aisle.Freezer",
          "SupplyLimit": 35,
          "ProductLimit": 50,
          "MaxSupplyLimitMessage": "35 item(s) left",
          "IsRanged": true,
          "IsInStock": true,
          "PackageSize": "250G",
          "IsPmDelivery": true,
          "IsForCollection": true,
          "IsForDelivery": true,
          "IsForExpress": true,
          "ProductRestrictionMessage": null,
          "ProductWarningMessage": null,
          "CentreTag": {
            "TagContent": null,
            "TagLink": null,
            "FallbackText": null,
            "TagType": "None",
            "MultibuyData": null,
            "TagContentText": null,
            "DualImageTagContent": null,
            "PromotionType": "NOT_SET",
            "IsRegisteredRewardCardPromotion": false
          },
          "IsCentreTag": false,
          "ImageTag": {
            "TagContent": null,
            "TagLink": null,
            "FallbackText": "",
            "TagType": "None",
            "MultibuyData": null,
            "TagContentText": null,
            "DualImageTagContent": null,
            "PromotionType": "NOT_SET",
            "IsRegisteredRewardCardPromotion": false
          },
          "HeaderTag": null,
          "HasHeaderTag": false,
          "UnitWeightInGrams": 0,
          "SupplyLimitMessage": "'Bell Farms Chopped Spinach' has a supply limit of 35. The quantity in your cart has been reduced accordingly. To purchase a larger quantity, please contact us on 1800 000 610. Please note we do not supply trade orders.",
          "SmallFormatDescription": "Bell Farms Chopped Spinach ",
          "FullDescription": "Bell Farms Chopped Spinach ",
          "IsAvailable": true,
          "InstoreIsAvailable": true,
          "IsPurchasable": true,
          "InstoreIsPurchasable": true,
          "AgeRestricted": false,
          "DisplayQuantity": 1,
          "RichDescription": null,
          "HideWasSavedPrice": false,
          "SapCategories": null,
          "Brand": "Bell Farms",
          "IsRestrictedByDeliveryMethod": false,
          "FooterTag": {
            "TagContent": null,
            "TagLink": null,
            "FallbackText": null,
            "TagType": "None",
            "MultibuyData": null,
            "TagContentText": null,
            "DualImageTagContent": null,
            "PromotionType": "NOT_SET",
            "IsRegisteredRewardCardPromotion": false
          },
          "IsFooterEnabled": true,
          "Diagnostics": "3",
          "IsBundle": false,
          "IsInFamily": false,
          "ChildProducts": null,
          "UrlOverride": null,
          "AdditionalAttributes": {
            "boxedcontents": null,
            "addedvitaminsandminerals": "False",
            "sapdepartmentname": "GROCERIES",
            "spf": null,
            "haircolour": null,
            "lifestyleanddietarystatement": "Vegan",
            "sapcategoryname": "FROZEN MEALS",
            "skintype": null,
            "importantinformation": null,
            "allergystatement": "Wheat Free",
            "productdepthmm": null,
            "skincondition": null,
            "ophthalmologistapproved": null,
            "healthstarrating": "5",
            "hairtype": null,
            "fragrance-free": null,
            "sapsegmentname": "SPINACH",
            "suitablefor": null,
            "PiesProductDepartmentsjson": "[{\"Id\":\"1_ACA2FC2\",\"Description\":\"Freezer\"}]",
            "piessubcategorynamesjson": "[\"Other Vegetables\",\"Gluten Free\"]",
            "sapsegmentno": "18",
            "productwidthmm": null,
            "contains": null,
            "sapsubcategoryname": "FREEZER - VEGETABLES",
            "dermatologisttested": null,
            "wool_productpackaging": null,
            "dermatologicallyapproved": null,
            "specialsgroupid": null,
            "productimages": "516857.jpg,516857_2.jpg",
            "productheightmm": null,
            "r&r_hidereviews": null,
            "microwavesafe": "False",
            "paba-free": null,
            "lifestyleclaim": null,
            "alcoholfree": null,
            "tgawarning": null,
            "activeconstituents": null,
            "microwaveable": "False",
            "soap-free": null,
            "countryoforigin": null,
            "isexcludedfromsubstitution": "False",
            "productimagecount": "2",
            "r&r_loggedinreviews": null,
            "anti-dandruff": null,
            "servingsize-total-nip": null,
            "tgahealthwarninglink": null,
            "allergenmaybepresent": null,
            "PiesProductDepartmentNodeId": "1_ACA2FC2",
            "parabenfree": "False",
            "vendorarticleid": null,
            "containsgluten": "False",
            "containsnuts": "False",
            "ingredients": "Chopped Spinach Portions",
            "colour": null,
            "manufacturer": null,
            "sapcategoryno": "97",
            "storageinstructions": "Keep Frozen",
            "tgawarnings": null,
            "piesdepartmentnamesjson": "[\"Freezer\"]",
            "brand": "bell farms",
            "oilfree": null,
            "fragrance": null,
            "antibacterial": "False",
            "non-comedogenic": null,
            "antiseptic": "False",
            "bpafree": "False",
            "vendorcostprice": null,
            "description": "1 serve (75g) = 1 serve of vegetables (1)\n(1) One serve of vegetables is equal to approximately 75g. Australian Dietary Guidelines recommend 5 serves of vegetables per day.\n\nOur snap frozen Chopped Spinach in convenient size portions!",
            "sweatresistant": null,
            "sapsubcategoryno": "103",
            "claims": null,
            "antioxidant": "False",
            "phbalanced": null,
            "wool_dietaryclaim": null,
            "ophthalmologisttested": null,
            "sulfatefree": "False",
            "servingsperpack-total-nip": null,
            "piescategorynamesjson": "[\"Frozen Vegetables\",\"Frozen Gluten Free\"]",
            "nutritionalinformation": "{\"Name\":\"Nutritional Information\",\"Attributes\":[{\"Id\":702,\"Name\":\"Calcium Quantity Per 100g - Total - NIP\",\"Value\":null,\"Description\":\"Calcium Quantity Per 100g - Total - NIP\",\"SortOrder\":71},{\"Id\":47,\"Name\":\"Calcium Quantity Per Serve - Total - NIP\",\"Value\":null,\"Description\":\"Calcium Quantity Per Serve - Total - NIP\",\"SortOrder\":75},{\"Id\":705,\"Name\":\"Carbohydrate Quantity Per 100g - Total - NIP\",\"Value\":\"Approx. 2g\",\"Description\":\"Carbohydrate Quantity Per 100g - Total - NIP\",\"SortOrder\":83},{\"Id\":706,\"Name\":\"Carbohydrate Quantity Per Serve - Total - NIP\",\"Value\":\"Approx. 1.5g\",\"Description\":\"Carbohydrate Quantity Per Serve - Total - NIP\",\"SortOrder\":87},{\"Id\":191,\"Name\":\"Dietary Fibre Quantity Per 100g - Total - NIP\",\"Value\":\"Approx. 3.3g\",\"Description\":\"Dietary Fibre Quantity Per 100g - Total - NIP\",\"SortOrder\":175},{\"Id\":120,\"Name\":\"Dietary Fibre Quantity Per Serve - Total - NIP\",\"Value\":\"Approx. 2.5g\",\"Description\":\"Dietary Fibre Quantity Per Serve - Total - NIP\",\"SortOrder\":179},{\"Id\":759,\"Name\":\"Energy kJ Quantity Per 100g - Total - NIP\",\"Value\":\"Approx. 117kJ\",\"Description\":\"Energy kJ Quantity Per 100g - Total - NIP\",\"SortOrder\":239},{\"Id\":760,\"Name\":\"Energy kJ Quantity Per Serve - Total - NIP\",\"Value\":\"Approx. 87kJ\",\"Description\":\"Energy kJ Quantity Per Serve - Total - NIP\",\"SortOrder\":243},{\"Id\":253,\"Name\":\"Fat Saturated Quantity Per 100g - Total - NIP\",\"Value\":\"<1g\",\"Description\":\"Fat Saturated Quantity Per 100g - Total - NIP\",\"SortOrder\":251},{\"Id\":258,\"Name\":\"Fat Saturated Quantity Per Serve - Total - NIP\",\"Value\":\"<1g\",\"Description\":\"Fat Saturated Quantity Per Serve - Total - NIP\",\"SortOrder\":255},{\"Id\":764,\"Name\":\"Fat Total Quantity Per 100g - Total - NIP\",\"Value\":\"<1g\",\"Description\":\"Fat Total Quantity Per 100g - Total - NIP\",\"SortOrder\":263},{\"Id\":166,\"Name\":\"Fat Total Quantity Per 100g - ValueWord - NIP\",\"Value\":\"1\",\"Description\":\"Fat Total Quantity Per 100g - ValueWord - NIP\",\"SortOrder\":264},{\"Id\":264,\"Name\":\"Fat Total Quantity Per Serve - Total - NIP\",\"Value\":\"<1g\",\"Description\":\"Fat Total Quantity Per Serve - Total - NIP\",\"SortOrder\":267},{\"Id\":443,\"Name\":\"Potassium Quantity Per 100g - Total - NIP\",\"Value\":\"425mg\",\"Description\":\"Potassium Quantity Per 100g - Total - NIP\",\"SortOrder\":575},{\"Id\":493,\"Name\":\"Potassium Quantity Per Serve - Total - NIP\",\"Value\":\"318.75mg\",\"Description\":\"Potassium Quantity Per Serve - Total - NIP\",\"SortOrder\":579},{\"Id\":878,\"Name\":\"Protein Quantity Per 100g - Total - NIP\",\"Value\":\"Approx. 2g\",\"Description\":\"Protein Quantity Per 100g - Total - NIP\",\"SortOrder\":587},{\"Id\":882,\"Name\":\"Protein Quantity Per Serve - Total - NIP\",\"Value\":\"Approx. 1.5g\",\"Description\":\"Protein Quantity Per Serve - Total - NIP\",\"SortOrder\":591},{\"Id\":477,\"Name\":\"Serving Size - Total - NIP\",\"Value\":\"75g\",\"Description\":\"Serving Size - Total - NIP\",\"SortOrder\":607},{\"Id\":544,\"Name\":\"Servings Per Pack - Total - NIP\",\"Value\":\"3.3\",\"Description\":\"Servings Per Pack - Total - NIP\",\"SortOrder\":611},{\"Id\":491,\"Name\":\"Sodium Quantity Per 100g - Total - NIP\",\"Value\":\"Approx. 36mg\",\"Description\":\"Sodium Quantity Per 100g - Total - NIP\",\"SortOrder\":623},{\"Id\":495,\"Name\":\"Sodium Quantity Per Serve - Total - NIP\",\"Value\":\"Approx. 27mg\",\"Description\":\"Sodium Quantity Per Serve - Total - NIP\",\"SortOrder\":627},{\"Id\":907,\"Name\":\"Sugars Quantity Per 100g - Prefix - NIP\",\"Value\":\"Approx. \",\"Description\":\"Sugars Quantity Per 100g - Prefix - NIP\",\"SortOrder\":645},{\"Id\":908,\"Name\":\"Sugars Quantity Per 100g - SuffixUnits - NIP\",\"Value\":\"g\",\"Description\":\"Sugars Quantity Per 100g - SuffixUnits - NIP\",\"SortOrder\":646},{\"Id\":909,\"Name\":\"Sugars Quantity Per 100g - Total - NIP\",\"Value\":\"Approx. 1.3g\",\"Description\":\"Sugars Quantity Per 100g - Total - NIP\",\"SortOrder\":647},{\"Id\":910,\"Name\":\"Sugars Quantity Per 100g - ValueWord - NIP\",\"Value\":\"1.3\",\"Description\":\"Sugars Quantity Per 100g - ValueWord - NIP\",\"SortOrder\":648},{\"Id\":504,\"Name\":\"Sugars Quantity Per Serve - Prefix - NIP\",\"Value\":\"Approx. \",\"Description\":\"Sugars Quantity Per Serve - Prefix - NIP\",\"SortOrder\":649},{\"Id\":911,\"Name\":\"Sugars Quantity Per Serve - SuffixUnits - NIP\",\"Value\":\"g\",\"Description\":\"Sugars Quantity Per Serve - SuffixUnits - NIP\",\"SortOrder\":650},{\"Id\":912,\"Name\":\"Sugars Quantity Per Serve - Total - NIP\",\"Value\":\"Approx. 1g\",\"Description\":\"Sugars Quantity Per Serve - Total - NIP\",\"SortOrder\":651},{\"Id\":572,\"Name\":\"Sugars Quantity Per Serve - ValueWord - NIP\",\"Value\":\"1\",\"Description\":\"Sugars Quantity Per Serve - ValueWord - NIP\",\"SortOrder\":652}]}",
            "ovencook": "False",
            "vegetarian": "False",
            "hypo-allergenic": null,
            "timer": null,
            "dermatologistrecommended": null,
            "sapdepartmentno": "5",
            "allergencontains": null,
            "waterresistant": null,
            "friendlydisclaimer": null,
            "recyclableinformation": null,
            "usageinstructions": null,
            "freezable": "False"
          },
          "DetailsImagePaths": [
            "https://cdn0.woolworths.media/content/wowproductimages/large/516857.jpg"
          ],
          "Variety": null,
          "Rating": {
            "ReviewCount": 544,
            "RatingCount": 544,
            "RatingSum": 2457,
            "OneStarCount": 7,
            "TwoStarCount": 12,
            "ThreeStarCount": 33,
            "FourStarCount": 133,
            "FiveStarCount": 359,
            "Average": 4.51654411764706,
            "OneStarPercentage": 1.28676470588235,
            "TwoStarPercentage": 2.20588235294118,
            "ThreeStarPercentage": 6.06617647058824,
            "FourStarPercentage": 24.4485294117647,
            "FiveStarPercentage": 65.9926470588235
          },
          "HasProductSubs": false,
          "IsSponsoredAd": false,
          "AdID": null,
          "AdIndex": null,
          "IsMarketProduct": false,
          "IsGiftable": false,
          "Vendor": null,
          "Untraceable": false,
          "ThirdPartyProductInfo": null,
          "MarketFeatures": null,
          "MarketSpecifications": null,
          "SupplyLimitSource": "StockQuantity",
          "Tags": null,
          "IsPersonalisedByPurchaseHistory": false,
          "IsFromFacetedSearch": false,
          "NextAvailabilityDate": null,
          "NumberOfSubstitutes": 0,
          "IsPrimaryVariant": false,
          "VariantGroupId": 0,
          "HasVariants": false,
          "VariantTitle": null,
          "IsTobacco": false
        }
      ],
      "Name": "Bell Farms Chopped Spinach",
      "DisplayName": "Bell Farms Chopped Spinach 250g"
    },
    {
      "Products": [
        {
          "TileID": 0,
          "Stockcode": 211189,
          "Barcode": "9300657782528",
          "GtinFormat": 13,
          "CupPrice": 10,
          "InstoreCupPrice": 10,
          "CupMeasure": "1KG",
          "CupString": "$10.00 / 1KG",
          "InstoreCupString": "$10.00 / 1KG",
          "HasCupPrice": true,
          "InstoreHasCupPrice": true,
          "Price": 4.5,
          "InstorePrice": 4.5,
          "Name": "Heinz Steam Fresh Vegetables Frozen Broccoli Carrot Cauliflower",
          "DisplayName": "Heinz Steam Fresh Vegetables Frozen Broccoli Carrot Cauliflower 450g",
          "UrlFriendlyName": "heinz-steam-fresh-vegetables-frozen-broccoli-carrot-cauliflower",
          "Description": " Heinz Steam Fresh Vegetables<br>Frozen Broccoli... 450G",
          "SmallImageFile": "https://cdn0.woolworths.media/content/wowproductimages/small/211189.jpg",
          "MediumImageFile": "https://cdn0.woolworths.media/content/wowproductimages/medium/211189.jpg",
          "LargeImageFile": "https://cdn0.woolworths.media/content/wowproductimages/large/211189.jpg",
          "IsNew": false,
          "IsHalfPrice": false,
          "IsOnlineOnly": false,
          "IsOnSpecial": false,
          "InstoreIsOnSpecial": false,
          "IsEdrSpecial": false,
          "SavingsAmount": 0,
          "InstoreSavingsAmount": 0,
          "WasPrice": 4.5,
          "InstoreWasPrice": 4.5,
          "QuantityInTrolley": 0,
          "Unit": "Each",
          "MinimumQuantity": 1,
          "HasBeenBoughtBefore": false,
          "IsInTrolley": false,
          "Source": "Aisle.Freezer",
          "SupplyLimit": 24,
          "ProductLimit": 50,
          "MaxSupplyLimitMessage": "24 item(s) left",
          "IsRanged": true,
          "IsInStock": true,
          "PackageSize": "450G",
          "IsPmDelivery": true,
          "IsForCollection": true,
          "IsForDelivery": true,
          "IsForExpress": true,
          "ProductRestrictionMessage": null,
          "ProductWarningMessage": null,
          "CentreTag": {
            "TagContent": null,
            "TagLink": null,
            "FallbackText": null,
            "TagType": "None",
            "MultibuyData": null,
            "TagContentText": null,
            "DualImageTagContent": null,
            "PromotionType": "NOT_SET",
            "IsRegisteredRewardCardPromotion": false
          },
          "IsCentreTag": false,
          "ImageTag": {
            "TagContent": "/content/promotiontags/boost-to-collect-10x-points-roundel.png",
            "TagLink": null,
            "FallbackText": "Boost to collect 10x points*",
            "TagType": "None",
            "MultibuyData": null,
            "TagContentText": null,
            "DualImageTagContent": null,
            "PromotionType": "NOT_SET",
            "IsRegisteredRewardCardPromotion": false
          },
          "HeaderTag": null,
          "HasHeaderTag": false,
          "UnitWeightInGrams": 0,
          "SupplyLimitMessage": "'Heinz Steam Fresh Vegetables Frozen Broccoli Carrot Cauliflower' has a supply limit of 24. The quantity in your cart has been reduced accordingly. To purchase a larger quantity, please contact us on 1800 000 610. Please note we do not supply trade orders.",
          "SmallFormatDescription": "Heinz Steam Fresh Vegetables Frozen Broccoli Carrot Cauliflower",
          "FullDescription": "Heinz Steam Fresh Vegetables Frozen Broccoli Carrot Cauliflower",
          "IsAvailable": true,
          "InstoreIsAvailable": true,
          "IsPurchasable": true,
          "InstoreIsPurchasable": true,
          "AgeRestricted": false,
          "DisplayQuantity": 1,
          "RichDescription": null,
          "HideWasSavedPrice": false,
          "SapCategories": null,
          "Brand": "Heinz",
          "IsRestrictedByDeliveryMethod": false,
          "FooterTag": {
            "TagContent": null,
            "TagLink": null,
            "FallbackText": null,
            "TagType": "None",
            "MultibuyData": null,
            "TagContentText": null,
            "DualImageTagContent": null,
            "PromotionType": "NOT_SET",
            "IsRegisteredRewardCardPromotion": false
          },
          "IsFooterEnabled": true,
          "Diagnostics": "4",
          "IsBundle": false,
          "IsInFamily": false,
          "ChildProducts": null,
          "UrlOverride": null,
          "AdditionalAttributes": {
            "boxedcontents": null,
            "addedvitaminsandminerals": "False",
            "sapdepartmentname": "GROCERIES",
            "spf": null,
            "haircolour": null,
            "lifestyleanddietarystatement": "Low Sugar",
            "sapcategoryname": "FROZEN MEALS",
            "skintype": null,
            "importantinformation": null,
            "allergystatement": "Wheat Free",
            "productdepthmm": null,
            "skincondition": null,
            "ophthalmologistapproved": null,
            "healthstarrating": "5",
            "hairtype": null,
            "fragrance-free": null,
            "sapsegmentname": "VALUE ADDED - STEAM",
            "suitablefor": null,
            "PiesProductDepartmentsjson": "[{\"Id\":\"1_ACA2FC2\",\"Description\":\"Freezer\"}]",
            "piessubcategorynamesjson": "[\"Mixed Vegetables\",\"Steam Packs\",\"Gluten Free\"]",
            "sapsegmentno": "19",
            "productwidthmm": null,
            "contains": null,
            "sapsubcategoryname": "FREEZER - VEGETABLES",
            "dermatologisttested": null,
            "wool_productpackaging": null,
            "dermatologicallyapproved": null,
            "specialsgroupid": null,
            "productimages": "211189.jpg,211189_2.jpg",
            "productheightmm": null,
            "r&r_hidereviews": null,
            "microwavesafe": "False",
            "paba-free": null,
            "lifestyleclaim": null,
            "alcoholfree": null,
            "tgawarning": null,
            "activeconstituents": null,
            "microwaveable": "False",
            "soap-free": null,
            "countryoforigin": null,
            "isexcludedfromsubstitution": "False",
            "productimagecount": "2",
            "r&r_loggedinreviews": null,
            "anti-dandruff": null,
            "servingsize-total-nip": null,
            "tgahealthwarninglink": null,
            "allergenmaybepresent": null,
            "PiesProductDepartmentNodeId": "1_ACA2FC2",
            "parabenfree": "False",
            "vendorarticleid": null,
            "containsgluten": "False",
            "containsnuts": "False",
            "ingredients": "Brocoli, Carrots, Cauliflower.",
            "colour": null,
            "manufacturer": null,
            "sapcategoryno": "97",
            "storageinstructions": "Keep frozen. Store at -18C or colder.Do not thaw before cooking. Do not refreeze once thawed.",
            "tgawarnings": null,
            "piesdepartmentnamesjson": "[\"Freezer\"]",
            "brand": "heinz",
            "oilfree": null,
            "fragrance": null,
            "antibacterial": "False",
            "non-comedogenic": null,
            "antiseptic": "False",
            "bpafree": "False",
            "vendorcostprice": null,
            "description": "A classic combination of veggies, Heinz Steam Fresh Broccoli, Carrots & Cauliflower takes the fuss out of meal prep. Simply steam in the bag and enjoy these veggies with locked in flavour. Whether you only have a quick break for lunch or you're tired after a long day, Heinz Steam Fresh Broccoli, Carrots & Cauliflower is the easy way to pack your plate with vegetables. Picked at their peak, frozen and sealed in individual steamer bags, these veggies are ready to be enjoyed at any time of the year. Each Heinz Steam Fresh bag contains two serves of veg† and as part of a healthy, varied diet, the veggies in this bag naturally deliver folate and vitamin C, vitamin A and provide a source of dietary fibre.<br><br>Good for your heart # / #A healthy varied diet high in both fruit and vegetables reduces risk of coronary heart disease<br><br>As part of a healthy diet, the veggies in this bag naturally deliver Vitamin A to support your eyesight<br><br>As part of a healthy diet, the veggies in this bag naturally deliver Folate and Vitamin C to help your immune system function<br><br>Each Heinz Steam Fresh Bag contains 2 serves of veg† / † One vegetable serve = 75g<br><br>Sealed in steamer bags to help retain flavour",
            "sweatresistant": null,
            "sapsubcategoryno": "103",
            "claims": null,
            "antioxidant": "False",
            "phbalanced": null,
            "wool_dietaryclaim": null,
            "ophthalmologisttested": null,
            "sulfatefree": "False",
            "servingsperpack-total-nip": null,
            "piescategorynamesjson": "[\"Frozen Vegetables\",\"Frozen Gluten Free\"]",
            "nutritionalinformation": "{\"Name\":\"Nutritional Information\",\"Attributes\":[{\"Id\":702,\"Name\":\"Calcium Quantity Per 100g - Total - NIP\",\"Value\":\"26mg\",\"Description\":\"Calcium Quantity Per 100g - Total - NIP\",\"SortOrder\":71},{\"Id\":47,\"Name\":\"Calcium Quantity Per Serve - Total - NIP\",\"Value\":\"19.5mg\",\"Description\":\"Calcium Quantity Per Serve - Total - NIP\",\"SortOrder\":75},{\"Id\":705,\"Name\":\"Carbohydrate Quantity Per 100g - Total - NIP\",\"Value\":\"2.70g\",\"Description\":\"Carbohydrate Quantity Per 100g - Total - NIP\",\"SortOrder\":83},{\"Id\":706,\"Name\":\"Carbohydrate Quantity Per Serve - Total - NIP\",\"Value\":\"2.00g\",\"Description\":\"Carbohydrate Quantity Per Serve - Total - NIP\",\"SortOrder\":87},{\"Id\":191,\"Name\":\"Dietary Fibre Quantity Per 100g - Total - NIP\",\"Value\":\"2.90g\",\"Description\":\"Dietary Fibre Quantity Per 100g - Total - NIP\",\"SortOrder\":175},{\"Id\":120,\"Name\":\"Dietary Fibre Quantity Per Serve - Total - NIP\",\"Value\":\"2.20g\",\"Description\":\"Dietary Fibre Quantity Per Serve - Total - NIP\",\"SortOrder\":179},{\"Id\":759,\"Name\":\"Energy kJ Quantity Per 100g - Total - NIP\",\"Value\":\"120.00kJ\",\"Description\":\"Energy kJ Quantity Per 100g - Total - NIP\",\"SortOrder\":239},{\"Id\":760,\"Name\":\"Energy kJ Quantity Per Serve - Total - NIP\",\"Value\":\"90.00kJ\",\"Description\":\"Energy kJ Quantity Per Serve - Total - NIP\",\"SortOrder\":243},{\"Id\":253,\"Name\":\"Fat Saturated Quantity Per 100g - Total - NIP\",\"Value\":\"0.00g\",\"Description\":\"Fat Saturated Quantity Per 100g - Total - NIP\",\"SortOrder\":251},{\"Id\":258,\"Name\":\"Fat Saturated Quantity Per Serve - Total - NIP\",\"Value\":\"0.00g\",\"Description\":\"Fat Saturated Quantity Per Serve - Total - NIP\",\"SortOrder\":255},{\"Id\":764,\"Name\":\"Fat Total Quantity Per 100g - Total - NIP\",\"Value\":\"0.20g\",\"Description\":\"Fat Total Quantity Per 100g - Total - NIP\",\"SortOrder\":263},{\"Id\":166,\"Name\":\"Fat Total Quantity Per 100g - ValueWord - NIP\",\"Value\":\"0.20\",\"Description\":\"Fat Total Quantity Per 100g - ValueWord - NIP\",\"SortOrder\":264},{\"Id\":264,\"Name\":\"Fat Total Quantity Per Serve - Total - NIP\",\"Value\":\"0.20g\",\"Description\":\"Fat Total Quantity Per Serve - Total - NIP\",\"SortOrder\":267},{\"Id\":402,\"Name\":\"Monounsaturated Quantity Per 100g - Total - NIP\",\"Value\":\"0.02g\",\"Description\":\"Monounsaturated Quantity Per 100g - Total - NIP\",\"SortOrder\":479},{\"Id\":834,\"Name\":\"Monounsaturated Quantity Per Serve - Total - NIP\",\"Value\":\"0.02g\",\"Description\":\"Monounsaturated Quantity Per Serve - Total - NIP\",\"SortOrder\":483},{\"Id\":434,\"Name\":\"Polyunsaturated Quantity Per 100g - Total - NIP\",\"Value\":\"0.04g\",\"Description\":\"Polyunsaturated Quantity Per 100g - Total - NIP\",\"SortOrder\":563},{\"Id\":435,\"Name\":\"Polyunsaturated Quantity Per Serve - Total - NIP\",\"Value\":\"0.03g\",\"Description\":\"Polyunsaturated Quantity Per Serve - Total - NIP\",\"SortOrder\":567},{\"Id\":443,\"Name\":\"Potassium Quantity Per 100g - Total - NIP\",\"Value\":\"259mg\",\"Description\":\"Potassium Quantity Per 100g - Total - NIP\",\"SortOrder\":575},{\"Id\":493,\"Name\":\"Potassium Quantity Per Serve - Total - NIP\",\"Value\":\"194.25mg\",\"Description\":\"Potassium Quantity Per Serve - Total - NIP\",\"SortOrder\":579},{\"Id\":878,\"Name\":\"Protein Quantity Per 100g - Total - NIP\",\"Value\":\"2.60g\",\"Description\":\"Protein Quantity Per 100g - Total - NIP\",\"SortOrder\":587},{\"Id\":882,\"Name\":\"Protein Quantity Per Serve - Total - NIP\",\"Value\":\"2.00g\",\"Description\":\"Protein Quantity Per Serve - Total - NIP\",\"SortOrder\":591},{\"Id\":477,\"Name\":\"Serving Size - Total - NIP\",\"Value\":\"75.00g\",\"Description\":\"Serving Size - Total - NIP\",\"SortOrder\":607},{\"Id\":544,\"Name\":\"Servings Per Pack - Total - NIP\",\"Value\":\"6.00\",\"Description\":\"Servings Per Pack - Total - NIP\",\"SortOrder\":611},{\"Id\":491,\"Name\":\"Sodium Quantity Per 100g - Total - NIP\",\"Value\":\"27.00mg\",\"Description\":\"Sodium Quantity Per 100g - Total - NIP\",\"SortOrder\":623},{\"Id\":495,\"Name\":\"Sodium Quantity Per Serve - Total - NIP\",\"Value\":\"20.00mg\",\"Description\":\"Sodium Quantity Per Serve - Total - NIP\",\"SortOrder\":627},{\"Id\":907,\"Name\":\"Sugars Quantity Per 100g - Prefix - NIP\",\"Value\":null,\"Description\":\"Sugars Quantity Per 100g - Prefix - NIP\",\"SortOrder\":645},{\"Id\":908,\"Name\":\"Sugars Quantity Per 100g - SuffixUnits - NIP\",\"Value\":\"g\",\"Description\":\"Sugars Quantity Per 100g - SuffixUnits - NIP\",\"SortOrder\":646},{\"Id\":909,\"Name\":\"Sugars Quantity Per 100g - Total - NIP\",\"Value\":\"2.50g\",\"Description\":\"Sugars Quantity Per 100g - Total - NIP\",\"SortOrder\":647},{\"Id\":910,\"Name\":\"Sugars Quantity Per 100g - ValueWord - NIP\",\"Value\":\"2.50\",\"Description\":\"Sugars Quantity Per 100g - ValueWord - NIP\",\"SortOrder\":648},{\"Id\":504,\"Name\":\"Sugars Quantity Per Serve - Prefix - NIP\",\"Value\":null,\"Description\":\"Sugars Quantity Per Serve - Prefix - NIP\",\"SortOrder\":649},{\"Id\":911,\"Name\":\"Sugars Quantity Per Serve - SuffixUnits - NIP\",\"Value\":\"g\",\"Description\":\"Sugars Quantity Per Serve - SuffixUnits - NIP\",\"SortOrder\":650},{\"Id\":912,\"Name\":\"Sugars Quantity Per Serve - Total - NIP\",\"Value\":\"1.90g\",\"Description\":\"Sugars Quantity Per Serve - Total - NIP\",\"SortOrder\":651},{\"Id\":572,\"Name\":\"Sugars Quantity Per Serve - ValueWord - NIP\",\"Value\":\"1.90\",\"Description\":\"Sugars Quantity Per Serve - ValueWord - NIP\",\"SortOrder\":652},{\"Id\":593,\"Name\":\"Trans Quantity Per 100g - Total - NIP\",\"Value\":\"0.06mg\",\"Description\":\"Trans Quantity Per 100g - Total - NIP\",\"SortOrder\":667},{\"Id\":510,\"Name\":\"Trans Quantity Per Serve - Total - NIP\",\"Value\":\"0.05mg\",\"Description\":\"Trans Quantity Per Serve - Total - NIP\",\"SortOrder\":671}]}",
            "ovencook": "False",
            "vegetarian": "False",
            "hypo-allergenic": null,
            "timer": null,
            "dermatologistrecommended": null,
            "sapdepartmentno": "5",
            "allergencontains": null,
            "waterresistant": null,
            "friendlydisclaimer": null,
            "recyclableinformation": null,
            "usageinstructions": null,
            "freezable": "False"
          },
          "DetailsImagePaths": [
            "https://cdn0.woolworths.media/content/wowproductimages/large/211189.jpg"
          ],
          "Variety": "Broccoli Carrot Cauliflower",
          "Rating": {
            "ReviewCount": 82,
            "RatingCount": 82,
            "RatingSum": 375,
            "OneStarCount": 2,
            "TwoStarCount": 1,
            "ThreeStarCount": 4,
            "FourStarCount": 16,
            "FiveStarCount": 59,
            "Average": 4.57317073170732,
            "OneStarPercentage": 2.4390243902439,
            "TwoStarPercentage": 1.21951219512195,
            "ThreeStarPercentage": 4.8780487804878,
            "FourStarPercentage": 19.5121951219512,
            "FiveStarPercentage": 71.9512195121951
          },
          "HasProductSubs": false,
          "IsSponsoredAd": false,
          "AdID": null,
          "AdIndex": null,
          "IsMarketProduct": false,
          "IsGiftable": false,
          "Vendor": null,
          "Untraceable": false,
          "ThirdPartyProductInfo": null,
          "MarketFeatures": null,
          "MarketSpecifications": null,
          "SupplyLimitSource": "StockQuantity",
          "Tags": [
            {
              "Content": {
                "Type": "Roundel",
                "Position": "Top",
                "Attributes": {
                  "ImagePath": "/content/promotiontags/boost-to-collect-10x-points-roundel.png",
                  "FallbackText": "Boost to collect 10x points*"
                }
              },
              "TemplateId": null,
              "Metadata": null
            }
          ],
          "IsPersonalisedByPurchaseHistory": false,
          "IsFromFacetedSearch": false,
          "NextAvailabilityDate": null,
          "NumberOfSubstitutes": 0,
          "IsPrimaryVariant": false,
          "VariantGroupId": 0,
          "HasVariants": false,
          "VariantTitle": null,
          "IsTobacco": false
        }
      ],
      "Name": "Heinz Steam Fresh Vegetables Frozen Broccoli Carrot Cauliflower",
      "DisplayName": "Heinz Steam Fresh Vegetables Frozen Broccoli Carrot Cauliflower 450g"
    },
    {
      "Products": [
        {
          "TileID": 0,
          "Stockcode": 93915,
          "Barcode": "9339687272723",
          "GtinFormat": 13,
          "CupPrice": 2.8,
          "InstoreCupPrice": 2.8,
          "CupMeasure": "1KG",
          "CupString": "$2.80 / 1KG",
          "InstoreCupString": "$2.80 / 1KG",
          "HasCupPrice": true,
          "InstoreHasCupPrice": true,
          "Price": 2.8,
          "InstorePrice": 2.8,
          "Name": "Essentials Frozen Mixed Vegetables",
          "DisplayName": "Essentials Frozen Mixed Vegetables 1kg",
          "UrlFriendlyName": "essentials-frozen-mixed-vegetables",
          "Description": " Essentials Frozen Mixed<br>Vegetables 1Kg",
          "SmallImageFile": "https://cdn0.woolworths.media/content/wowproductimages/small/093915.jpg",
          "MediumImageFile": "https://cdn0.woolworths.media/content/wowproductimages/medium/093915.jpg",
          "LargeImageFile": "https://cdn0.woolworths.media/content/wowproductimages/large/093915.jpg",
          "IsNew": false,
          "IsHalfPrice": false,
          "IsOnlineOnly": false,
          "IsOnSpecial": false,
          "InstoreIsOnSpecial": false,
          "IsEdrSpecial": false,
          "SavingsAmount": 0,
          "InstoreSavingsAmount": 0,
          "WasPrice": 2.8,
          "InstoreWasPrice": 2.8,
          "QuantityInTrolley": 0,
          "Unit": "Each",
          "MinimumQuantity": 1,
          "HasBeenBoughtBefore": false,
          "IsInTrolley": false,
          "Source": "Aisle.Freezer",
          "SupplyLimit": 31,
          "ProductLimit": 50,
          "MaxSupplyLimitMessage": "31 item(s) left",
          "IsRanged": true,
          "IsInStock": true,
          "PackageSize": "1Kg",
          "IsPmDelivery": true,
          "IsForCollection": true,
          "IsForDelivery": true,
          "IsForExpress": true,
          "ProductRestrictionMessage": null,
          "ProductWarningMessage": null,
          "CentreTag": {
            "TagContent": null,
            "TagLink": null,
            "FallbackText": null,
            "TagType": "None",
            "MultibuyData": null,
            "TagContentText": null,
            "DualImageTagContent": null,
            "PromotionType": "NOT_SET",
            "IsRegisteredRewardCardPromotion": false
          },
          "IsCentreTag": false,
          "ImageTag": {
            "TagContent": null,
            "TagLink": null,
            "FallbackText": "",
            "TagType": "None",
            "MultibuyData": null,
            "TagContentText": null,
            "DualImageTagContent": null,
            "PromotionType": "NOT_SET",
            "IsRegisteredRewardCardPromotion": false
          },
          "HeaderTag": {
            "BackgroundColor": "#c20016",
            "BorderColor": "#c20016",
            "TextColor": "#fff",
            "Content": "LOW PRICE",
            "TagLink": null,
            "Promotion": "LowPrice"
          },
          "HasHeaderTag": true,
          "UnitWeightInGrams": 0,
          "SupplyLimitMessage": "'Essentials Frozen Mixed Vegetables' has a supply limit of 31. The quantity in your cart has been reduced accordingly. To purchase a larger quantity, please contact us on 1800 000 610. Please note we do not supply trade orders.",
          "SmallFormatDescription": "Essentials Frozen Mixed Vegetables",
          "FullDescription": "Essentials Frozen Mixed Vegetables",
          "IsAvailable": true,
          "InstoreIsAvailable": true,
          "IsPurchasable": true,
          "InstoreIsPurchasable": true,
          "AgeRestricted": false,
          "DisplayQuantity": 1,
          "RichDescription": null,
          "HideWasSavedPrice": false,
          "SapCategories": null,
          "Brand": "Essentials",
          "IsRestrictedByDeliveryMethod": false,
          "FooterTag": {
            "TagContent": "Lower Price Always",
            "TagLink": null,
            "FallbackText": null,
            "TagType": "Html",
            "MultibuyData": null,
            "TagContentText": null,
            "DualImageTagContent": null,
            "PromotionType": "NOT_SET",
            "IsRegisteredRewardCardPromotion": false
          },
          "IsFooterEnabled": true,
          "Diagnostics": "5",
          "IsBundle": false,
          "IsInFamily": false,
          "ChildProducts": null,
          "UrlOverride": null,
          "AdditionalAttributes": {
            "boxedcontents": null,
            "addedvitaminsandminerals": "False",
            "sapdepartmentname": "GROCERIES",
            "spf": null,
            "haircolour": null,
            "lifestyleanddietarystatement": "Vegetarian",
            "sapcategoryname": "FROZEN MEALS",
            "skintype": null,
            "importantinformation": null,
            "allergystatement": "Wheat Free",
            "productdepthmm": null,
            "skincondition": null,
            "ophthalmologistapproved": null,
            "healthstarrating": "5",
            "hairtype": null,
            "fragrance-free": null,
            "sapsegmentname": "MIXED VEGETABLES",
            "suitablefor": null,
            "PiesProductDepartmentsjson": "[{\"Id\":\"1_ACA2FC2\",\"Description\":\"Freezer\"}]",
            "piessubcategorynamesjson": "[\"Mixed Vegetables\",\"Gluten Free\"]",
            "sapsegmentno": "12",
            "productwidthmm": null,
            "contains": null,
            "sapsubcategoryname": "FREEZER - VEGETABLES",
            "dermatologisttested": null,
            "wool_productpackaging": null,
            "dermatologicallyapproved": null,
            "specialsgroupid": null,
            "productimages": "93915.jpg,93915_2.jpg",
            "productheightmm": null,
            "r&r_hidereviews": null,
            "microwavesafe": "False",
            "paba-free": null,
            "lifestyleclaim": null,
            "alcoholfree": null,
            "tgawarning": null,
            "activeconstituents": null,
            "microwaveable": "False",
            "soap-free": null,
            "countryoforigin": null,
            "isexcludedfromsubstitution": "False",
            "productimagecount": "2",
            "r&r_loggedinreviews": null,
            "anti-dandruff": null,
            "servingsize-total-nip": null,
            "tgahealthwarninglink": null,
            "allergenmaybepresent": null,
            "PiesProductDepartmentNodeId": "1_ACA2FC2",
            "parabenfree": "False",
            "vendorarticleid": null,
            "containsgluten": "False",
            "containsnuts": "False",
            "ingredients": "<div>Carrot, Zucchini, Corn, Green Beans, Potato</div>",
            "colour": null,
            "manufacturer": null,
            "sapcategoryno": "97",
            "storageinstructions": "Keep Frozen",
            "tgawarnings": null,
            "piesdepartmentnamesjson": "[\"Freezer\"]",
            "brand": "essentials",
            "oilfree": null,
            "fragrance": null,
            "antibacterial": "False",
            "non-comedogenic": null,
            "antiseptic": "False",
            "bpafree": "False",
            "vendorcostprice": null,
            "description": null,
            "sweatresistant": null,
            "sapsubcategoryno": "103",
            "claims": null,
            "antioxidant": "False",
            "phbalanced": null,
            "wool_dietaryclaim": null,
            "ophthalmologisttested": null,
            "sulfatefree": "False",
            "servingsperpack-total-nip": null,
            "piescategorynamesjson": "[\"Frozen Vegetables\",\"Frozen Gluten Free\"]",
            "nutritionalinformation": "{\"Name\":\"Nutritional Information\",\"Attributes\":[{\"Id\":702,\"Name\":\"Calcium Quantity Per 100g - Total - NIP\",\"Value\":\"26mg\",\"Description\":\"Calcium Quantity Per 100g - Total - NIP\",\"SortOrder\":71},{\"Id\":47,\"Name\":\"Calcium Quantity Per Serve - Total - NIP\",\"Value\":\"19.42mg\",\"Description\":\"Calcium Quantity Per Serve - Total - NIP\",\"SortOrder\":75},{\"Id\":705,\"Name\":\"Carbohydrate Quantity Per 100g - Total - NIP\",\"Value\":\"Approx.8.9g\",\"Description\":\"Carbohydrate Quantity Per 100g - Total - NIP\",\"SortOrder\":83},{\"Id\":706,\"Name\":\"Carbohydrate Quantity Per Serve - Total - NIP\",\"Value\":\"Approx.6.7g\",\"Description\":\"Carbohydrate Quantity Per Serve - Total - NIP\",\"SortOrder\":87},{\"Id\":191,\"Name\":\"Dietary Fibre Quantity Per 100g - Total - NIP\",\"Value\":\"Approx.3.6g\",\"Description\":\"Dietary Fibre Quantity Per 100g - Total - NIP\",\"SortOrder\":175},{\"Id\":120,\"Name\":\"Dietary Fibre Quantity Per Serve - Total - NIP\",\"Value\":\"Approx.2.7g\",\"Description\":\"Dietary Fibre Quantity Per Serve - Total - NIP\",\"SortOrder\":179},{\"Id\":759,\"Name\":\"Energy kJ Quantity Per 100g - Total - NIP\",\"Value\":\"Approx.254kJ\",\"Description\":\"Energy kJ Quantity Per 100g - Total - NIP\",\"SortOrder\":239},{\"Id\":760,\"Name\":\"Energy kJ Quantity Per Serve - Total - NIP\",\"Value\":\"Approx.190kJ\",\"Description\":\"Energy kJ Quantity Per Serve - Total - NIP\",\"SortOrder\":243},{\"Id\":253,\"Name\":\"Fat Saturated Quantity Per 100g - Total - NIP\",\"Value\":\"<1g\",\"Description\":\"Fat Saturated Quantity Per 100g - Total - NIP\",\"SortOrder\":251},{\"Id\":258,\"Name\":\"Fat Saturated Quantity Per Serve - Total - NIP\",\"Value\":\"<1g\",\"Description\":\"Fat Saturated Quantity Per Serve - Total - NIP\",\"SortOrder\":255},{\"Id\":764,\"Name\":\"Fat Total Quantity Per 100g - Total - NIP\",\"Value\":\"<1g\",\"Description\":\"Fat Total Quantity Per 100g - Total - NIP\",\"SortOrder\":263},{\"Id\":166,\"Name\":\"Fat Total Quantity Per 100g - ValueWord - NIP\",\"Value\":\"1\",\"Description\":\"Fat Total Quantity Per 100g - ValueWord - NIP\",\"SortOrder\":264},{\"Id\":264,\"Name\":\"Fat Total Quantity Per Serve - Total - NIP\",\"Value\":\"<1g\",\"Description\":\"Fat Total Quantity Per Serve - Total - NIP\",\"SortOrder\":267},{\"Id\":402,\"Name\":\"Monounsaturated Quantity Per 100g - Total - NIP\",\"Value\":\"0.02g\",\"Description\":\"Monounsaturated Quantity Per 100g - Total - NIP\",\"SortOrder\":479},{\"Id\":834,\"Name\":\"Monounsaturated Quantity Per Serve - Total - NIP\",\"Value\":\"0.01g\",\"Description\":\"Monounsaturated Quantity Per Serve - Total - NIP\",\"SortOrder\":483},{\"Id\":434,\"Name\":\"Polyunsaturated Quantity Per 100g - Total - NIP\",\"Value\":\"0.04g\",\"Description\":\"Polyunsaturated Quantity Per 100g - Total - NIP\",\"SortOrder\":563},{\"Id\":435,\"Name\":\"Polyunsaturated Quantity Per Serve - Total - NIP\",\"Value\":\"0.03g\",\"Description\":\"Polyunsaturated Quantity Per Serve - Total - NIP\",\"SortOrder\":567},{\"Id\":443,\"Name\":\"Potassium Quantity Per 100g - Total - NIP\",\"Value\":\"259mg\",\"Description\":\"Potassium Quantity Per 100g - Total - NIP\",\"SortOrder\":575},{\"Id\":493,\"Name\":\"Potassium Quantity Per Serve - Total - NIP\",\"Value\":\"193.49mg\",\"Description\":\"Potassium Quantity Per Serve - Total - NIP\",\"SortOrder\":579},{\"Id\":878,\"Name\":\"Protein Quantity Per 100g - Total - NIP\",\"Value\":\"Approx.2.6g\",\"Description\":\"Protein Quantity Per 100g - Total - NIP\",\"SortOrder\":587},{\"Id\":882,\"Name\":\"Protein Quantity Per Serve - Total - NIP\",\"Value\":\"Approx.2g\",\"Description\":\"Protein Quantity Per Serve - Total - NIP\",\"SortOrder\":591},{\"Id\":477,\"Name\":\"Serving Size - Total - NIP\",\"Value\":\"75g\",\"Description\":\"Serving Size - Total - NIP\",\"SortOrder\":607},{\"Id\":544,\"Name\":\"Servings Per Pack - Total - NIP\",\"Value\":\"13\",\"Description\":\"Servings Per Pack - Total - NIP\",\"SortOrder\":611},{\"Id\":491,\"Name\":\"Sodium Quantity Per 100g - Total - NIP\",\"Value\":\"Approx.10mg\",\"Description\":\"Sodium Quantity Per 100g - Total - NIP\",\"SortOrder\":623},{\"Id\":495,\"Name\":\"Sodium Quantity Per Serve - Total - NIP\",\"Value\":\"Approx.8mg\",\"Description\":\"Sodium Quantity Per Serve - Total - NIP\",\"SortOrder\":627},{\"Id\":907,\"Name\":\"Sugars Quantity Per 100g - Prefix - NIP\",\"Value\":\"Approx.\",\"Description\":\"Sugars Quantity Per 100g - Prefix - NIP\",\"SortOrder\":645},{\"Id\":908,\"Name\":\"Sugars Quantity Per 100g - SuffixUnits - NIP\",\"Value\":\"g\",\"Description\":\"Sugars Quantity Per 100g - SuffixUnits - NIP\",\"SortOrder\":646},{\"Id\":909,\"Name\":\"Sugars Quantity Per 100g - Total - NIP\",\"Value\":\"Approx.3.7g\",\"Description\":\"Sugars Quantity Per 100g - Total - NIP\",\"SortOrder\":647},{\"Id\":910,\"Name\":\"Sugars Quantity Per 100g - ValueWord - NIP\",\"Value\":\"3.7\",\"Description\":\"Sugars Quantity Per 100g - ValueWord - NIP\",\"SortOrder\":648},{\"Id\":504,\"Name\":\"Sugars Quantity Per Serve - Prefix - NIP\",\"Value\":\"Approx.\",\"Description\":\"Sugars Quantity Per Serve - Prefix - NIP\",\"SortOrder\":649},{\"Id\":911,\"Name\":\"Sugars Quantity Per Serve - SuffixUnits - NIP\",\"Value\":\"g\",\"Description\":\"Sugars Quantity Per Serve - SuffixUnits - NIP\",\"SortOrder\":650},{\"Id\":912,\"Name\":\"Sugars Quantity Per Serve - Total - NIP\",\"Value\":\"Approx.2.8g\",\"Description\":\"Sugars Quantity Per Serve - Total - NIP\",\"SortOrder\":651},{\"Id\":572,\"Name\":\"Sugars Quantity Per Serve - ValueWord - NIP\",\"Value\":\"2.8\",\"Description\":\"Sugars Quantity Per Serve - ValueWord - NIP\",\"SortOrder\":652},{\"Id\":593,\"Name\":\"Trans Quantity Per 100g - Total - NIP\",\"Value\":\"0.06mg\",\"Description\":\"Trans Quantity Per 100g - Total - NIP\",\"SortOrder\":667},{\"Id\":510,\"Name\":\"Trans Quantity Per Serve - Total - NIP\",\"Value\":\"0.04mg\",\"Description\":\"Trans Quantity Per Serve - Total - NIP\",\"SortOrder\":671}]}",
            "ovencook": "False",
            "vegetarian": "False",
            "hypo-allergenic": null,
            "timer": null,
            "dermatologistrecommended": null,
            "sapdepartmentno": "5",
            "allergencontains": null,
            "waterresistant": null,
            "friendlydisclaimer": null,
            "recyclableinformation": null,
            "usageinstructions": null,
            "freezable": "False"
          },
          "DetailsImagePaths": [
            "https://cdn0.woolworths.media/content/wowproductimages/large/093915.jpg"
          ],
          "Variety": "Mixed Vegetables",
          "Rating": {
            "ReviewCount": 645,
            "RatingCount": 645,
            "RatingSum": 2571,
            "OneStarCount": 15,
            "TwoStarCount": 34,
            "ThreeStarCount": 132,
            "FourStarCount": 228,
            "FiveStarCount": 236,
            "Average": 3.98604651162791,
            "OneStarPercentage": 2.32558139534884,
            "TwoStarPercentage": 5.27131782945736,
            "ThreeStarPercentage": 20.4651162790698,
            "FourStarPercentage": 35.3488372093023,
            "FiveStarPercentage": 36.5891472868217
          },
          "HasProductSubs": false,
          "IsSponsoredAd": false,
          "AdID": null,
          "AdIndex": null,
          "IsMarketProduct": false,
          "IsGiftable": false,
          "Vendor": null,
          "Untraceable": false,
          "ThirdPartyProductInfo": null,
          "MarketFeatures": null,
          "MarketSpecifications": null,
          "SupplyLimitSource": "StockQuantity",
          "Tags": [
            {
              "Content": {
                "Type": "Label",
                "Position": "Top",
                "Attributes": {
                  "Text": "LOW PRICE",
                  "Promotion": "LowPrice",
                  "BackgroundColor": "#c20016",
                  "BorderColor": "#c20016",
                  "TextColor": "#fff"
                }
              },
              "TemplateId": null,
              "Metadata": null
            }
          ],
          "IsPersonalisedByPurchaseHistory": false,
          "IsFromFacetedSearch": false,
          "NextAvailabilityDate": null,
          "NumberOfSubstitutes": 0,
          "IsPrimaryVariant": false,
          "VariantGroupId": 0,
          "HasVariants": false,
          "VariantTitle": null,
          "IsTobacco": false
        }
      ],
      "Name": "Essentials Frozen Mixed Vegetables",
      "DisplayName": "Essentials Frozen Mixed Vegetables 1kg"
    },
    {
      "Products": [
        {
          "TileID": 0,
          "Stockcode": 260848,
          "Barcode": "9300657785178",
          "GtinFormat": 13,
          "CupPrice": 10,
          "InstoreCupPrice": 10,
          "CupMeasure": "1KG",
          "CupString": "$10.00 / 1KG",
          "InstoreCupString": "$10.00 / 1KG",
          "HasCupPrice": true,
          "InstoreHasCupPrice": true,
          "Price": 4.5,
          "InstorePrice": 4.5,
          "Name": "Heinz Steam Fresh Vegetables Frozen Veg Beans Broccoli Peas",
          "DisplayName": "Heinz Steam Fresh Vegetables Frozen Veg Beans Broccoli Peas 450g",
          "UrlFriendlyName": "heinz-steam-fresh-vegetables-frozen-veg-beans-broccoli-peas",
          "Description": " Heinz Steam Fresh Vegetables<br>Frozen Veg Beans... 450G",
          "SmallImageFile": "https://cdn0.woolworths.media/content/wowproductimages/small/260848.jpg",
          "MediumImageFile": "https://cdn0.woolworths.media/content/wowproductimages/medium/260848.jpg",
          "LargeImageFile": "https://cdn0.woolworths.media/content/wowproductimages/large/260848.jpg",
          "IsNew": false,
          "IsHalfPrice": false,
          "IsOnlineOnly": false,
          "IsOnSpecial": false,
          "InstoreIsOnSpecial": false,
          "IsEdrSpecial": false,
          "SavingsAmount": 0,
          "InstoreSavingsAmount": 0,
          "WasPrice": 4.5,
          "InstoreWasPrice": 4.5,
          "QuantityInTrolley": 0,
          "Unit": "Each",
          "MinimumQuantity": 1,
          "HasBeenBoughtBefore": false,
          "IsInTrolley": false,
          "Source": "Aisle.Freezer",
          "SupplyLimit": 28,
          "ProductLimit": 50,
          "MaxSupplyLimitMessage": "28 item(s) left",
          "IsRanged": true,
          "IsInStock": true,
          "PackageSize": "450G",
          "IsPmDelivery": true,
          "IsForCollection": true,
          "IsForDelivery": true,
          "IsForExpress": true,
          "ProductRestrictionMessage": null,
          "ProductWarningMessage": null,
          "CentreTag": {
            "TagContent": null,
            "TagLink": null,
            "FallbackText": null,
            "TagType": "None",
            "MultibuyData": null,
            "TagContentText": null,
            "DualImageTagContent": null,
            "PromotionType": "NOT_SET",
            "IsRegisteredRewardCardPromotion": false
          },
          "IsCentreTag": false,
          "ImageTag": {
            "TagContent": "/content/promotiontags/boost-to-collect-10x-points-roundel.png",
            "TagLink": null,
            "FallbackText": "Boost to collect 10x points*",
            "TagType": "None",
            "MultibuyData": null,
            "TagContentText": null,
            "DualImageTagContent": null,
            "PromotionType": "NOT_SET",
            "IsRegisteredRewardCardPromotion": false
          },
          "HeaderTag": null,
          "HasHeaderTag": false,
          "UnitWeightInGrams": 0,
          "SupplyLimitMessage": "'Heinz Steam Fresh Vegetables Frozen Veg Beans Broccoli Peas' has a supply limit of 28. The quantity in your cart has been reduced accordingly. To purchase a larger quantity, please contact us on 1800 000 610. Please note we do not supply trade orders.",
          "SmallFormatDescription": "Heinz Steam Fresh Vegetables Frozen Veg Beans Broccoli Peas",
          "FullDescription": "Heinz Steam Fresh Vegetables Frozen Veg Beans Broccoli Peas",
          "IsAvailable": true,
          "InstoreIsAvailable": true,
          "IsPurchasable": true,
          "InstoreIsPurchasable": true,
          "AgeRestricted": false,
          "DisplayQuantity": 1,
          "RichDescription": null,
          "HideWasSavedPrice": false,
          "SapCategories": null,
          "Brand": "Heinz",
          "IsRestrictedByDeliveryMethod": false,
          "FooterTag": {
            "TagContent": null,
            "TagLink": null,
            "FallbackText": null,
            "TagType": "None",
            "MultibuyData": null,
            "TagContentText": null,
            "DualImageTagContent": null,
            "PromotionType": "NOT_SET",
            "IsRegisteredRewardCardPromotion": false
          },
          "IsFooterEnabled": true,
          "Diagnostics": "6",
          "IsBundle": false,
          "IsInFamily": false,
          "ChildProducts": null,
          "UrlOverride": null,
          "AdditionalAttributes": {
            "boxedcontents": null,
            "addedvitaminsandminerals": "False",
            "sapdepartmentname": "GROCERIES",
            "spf": null,
            "haircolour": null,
            "lifestyleanddietarystatement": "Low Saturated Fat",
            "sapcategoryname": "FROZEN MEALS",
            "skintype": null,
            "importantinformation": null,
            "allergystatement": "Wheat Free",
            "productdepthmm": null,
            "skincondition": null,
            "ophthalmologistapproved": null,
            "healthstarrating": "5",
            "hairtype": null,
            "fragrance-free": null,
            "sapsegmentname": "VALUE ADDED - STEAM",
            "suitablefor": null,
            "PiesProductDepartmentsjson": "[{\"Id\":\"1_ACA2FC2\",\"Description\":\"Freezer\"}]",
            "piessubcategorynamesjson": "[\"Mixed Vegetables\",\"Steam Packs\",\"Gluten Free\"]",
            "sapsegmentno": "19",
            "productwidthmm": null,
            "contains": null,
            "sapsubcategoryname": "FREEZER - VEGETABLES",
            "dermatologisttested": null,
            "wool_productpackaging": null,
            "dermatologicallyapproved": null,
            "specialsgroupid": null,
            "productimages": "260848.jpg,260848_2.jpg",
            "productheightmm": null,
            "r&r_hidereviews": null,
            "microwavesafe": "False",
            "paba-free": null,
            "lifestyleclaim": null,
            "alcoholfree": null,
            "tgawarning": null,
            "activeconstituents": null,
            "microwaveable": "False",
            "soap-free": null,
            "countryoforigin": null,
            "isexcludedfromsubstitution": "False",
            "productimagecount": "2",
            "r&r_loggedinreviews": null,
            "anti-dandruff": null,
            "servingsize-total-nip": null,
            "tgahealthwarninglink": null,
            "allergenmaybepresent": null,
            "PiesProductDepartmentNodeId": "1_ACA2FC2",
            "parabenfree": "False",
            "vendorarticleid": null,
            "containsgluten": "False",
            "containsnuts": "False",
            "ingredients": "Green Beans, Broccoli, Sugarsnap Peas.",
            "colour": null,
            "manufacturer": null,
            "sapcategoryno": "97",
            "storageinstructions": "Keep frozen. Store at -18C or colder.Do not thaw before cooking. Do not refreeze once thawed.",
            "tgawarnings": null,
            "piesdepartmentnamesjson": "[\"Freezer\"]",
            "brand": "heinz",
            "oilfree": null,
            "fragrance": null,
            "antibacterial": "False",
            "non-comedogenic": null,
            "antiseptic": "False",
            "bpafree": "False",
            "vendorcostprice": null,
            "description": "It's never been easier to enjoy tasty, steamed vegetables at any time of the year. Heinz Steam Fresh Beans, Broccoli & Sugarsnap Peas contains three individual steamer bags of veggies picked at their peak, frozen and then sealed. Easily add some veg to your lunch or dinner with Heinz Steam Fresh Beans, Broccoli & Sugarsnap Peas. This mix of beans, broccoli and sugarsnap peas is the perfect side dish for barbecued meat or chicken, or a veggie casserole. Each Heinz Steam Fresh bag contains two serves of veg† and as part of a healthy, varied diet, the veggies in this bag naturally deliver folate and vitamin C, and provide a source of dietary fibre.<br><br>Good for your heart# / #A healthy varied diet high in both fruit and vegetables reduces risk of coronary heart disease<br><br>As part of a healthy diet, the veggies in this bag naturally deliver and vitamin C to help your immune system function<br><br>Each Heinz Steam Fresh Bag contains 2 serves of veg+ / +One vegetable serve = 75g<br><br>As part of a healthy diet, the veggies in this bag naturally deliver a source of dietary fibre<br><br>Pair with rice or meat dishes for a healthy, balanced meal",
            "sweatresistant": null,
            "sapsubcategoryno": "103",
            "claims": null,
            "antioxidant": "False",
            "phbalanced": null,
            "wool_dietaryclaim": null,
            "ophthalmologisttested": null,
            "sulfatefree": "False",
            "servingsperpack-total-nip": null,
            "piescategorynamesjson": "[\"Frozen Vegetables\",\"Frozen Gluten Free\"]",
            "nutritionalinformation": "{\"Name\":\"Nutritional Information\",\"Attributes\":[{\"Id\":702,\"Name\":\"Calcium Quantity Per 100g - Total - NIP\",\"Value\":\"26mg\",\"Description\":\"Calcium Quantity Per 100g - Total - NIP\",\"SortOrder\":71},{\"Id\":47,\"Name\":\"Calcium Quantity Per Serve - Total - NIP\",\"Value\":\"19.5mg\",\"Description\":\"Calcium Quantity Per Serve - Total - NIP\",\"SortOrder\":75},{\"Id\":705,\"Name\":\"Carbohydrate Quantity Per 100g - Total - NIP\",\"Value\":\"2.30g\",\"Description\":\"Carbohydrate Quantity Per 100g - Total - NIP\",\"SortOrder\":83},{\"Id\":706,\"Name\":\"Carbohydrate Quantity Per Serve - Total - NIP\",\"Value\":\"1.70g\",\"Description\":\"Carbohydrate Quantity Per Serve - Total - NIP\",\"SortOrder\":87},{\"Id\":191,\"Name\":\"Dietary Fibre Quantity Per 100g - Total - NIP\",\"Value\":\"3.00g\",\"Description\":\"Dietary Fibre Quantity Per 100g - Total - NIP\",\"SortOrder\":175},{\"Id\":120,\"Name\":\"Dietary Fibre Quantity Per Serve - Total - NIP\",\"Value\":\"2.20g\",\"Description\":\"Dietary Fibre Quantity Per Serve - Total - NIP\",\"SortOrder\":179},{\"Id\":759,\"Name\":\"Energy kJ Quantity Per 100g - Total - NIP\",\"Value\":\"125.00kJ\",\"Description\":\"Energy kJ Quantity Per 100g - Total - NIP\",\"SortOrder\":239},{\"Id\":760,\"Name\":\"Energy kJ Quantity Per Serve - Total - NIP\",\"Value\":\"94.00kJ\",\"Description\":\"Energy kJ Quantity Per Serve - Total - NIP\",\"SortOrder\":243},{\"Id\":253,\"Name\":\"Fat Saturated Quantity Per 100g - Total - NIP\",\"Value\":\"0.00g\",\"Description\":\"Fat Saturated Quantity Per 100g - Total - NIP\",\"SortOrder\":251},{\"Id\":258,\"Name\":\"Fat Saturated Quantity Per Serve - Total - NIP\",\"Value\":\"0.00g\",\"Description\":\"Fat Saturated Quantity Per Serve - Total - NIP\",\"SortOrder\":255},{\"Id\":764,\"Name\":\"Fat Total Quantity Per 100g - Total - NIP\",\"Value\":\"0.20g\",\"Description\":\"Fat Total Quantity Per 100g - Total - NIP\",\"SortOrder\":263},{\"Id\":166,\"Name\":\"Fat Total Quantity Per 100g - ValueWord - NIP\",\"Value\":\"0.20\",\"Description\":\"Fat Total Quantity Per 100g - ValueWord - NIP\",\"SortOrder\":264},{\"Id\":264,\"Name\":\"Fat Total Quantity Per Serve - Total - NIP\",\"Value\":\"0.20g\",\"Description\":\"Fat Total Quantity Per Serve - Total - NIP\",\"SortOrder\":267},{\"Id\":402,\"Name\":\"Monounsaturated Quantity Per 100g - Total - NIP\",\"Value\":\"0.02g\",\"Description\":\"Monounsaturated Quantity Per 100g - Total - NIP\",\"SortOrder\":479},{\"Id\":834,\"Name\":\"Monounsaturated Quantity Per Serve - Total - NIP\",\"Value\":\"0.02g\",\"Description\":\"Monounsaturated Quantity Per Serve - Total - NIP\",\"SortOrder\":483},{\"Id\":434,\"Name\":\"Polyunsaturated Quantity Per 100g - Total - NIP\",\"Value\":\"0.04g\",\"Description\":\"Polyunsaturated Quantity Per 100g - Total - NIP\",\"SortOrder\":563},{\"Id\":435,\"Name\":\"Polyunsaturated Quantity Per Serve - Total - NIP\",\"Value\":\"0.03g\",\"Description\":\"Polyunsaturated Quantity Per Serve - Total - NIP\",\"SortOrder\":567},{\"Id\":443,\"Name\":\"Potassium Quantity Per 100g - Total - NIP\",\"Value\":\"259mg\",\"Description\":\"Potassium Quantity Per 100g - Total - NIP\",\"SortOrder\":575},{\"Id\":493,\"Name\":\"Potassium Quantity Per Serve - Total - NIP\",\"Value\":\"194.25mg\",\"Description\":\"Potassium Quantity Per Serve - Total - NIP\",\"SortOrder\":579},{\"Id\":878,\"Name\":\"Protein Quantity Per 100g - Total - NIP\",\"Value\":\"3.10g\",\"Description\":\"Protein Quantity Per 100g - Total - NIP\",\"SortOrder\":587},{\"Id\":882,\"Name\":\"Protein Quantity Per Serve - Total - NIP\",\"Value\":\"2.30g\",\"Description\":\"Protein Quantity Per Serve - Total - NIP\",\"SortOrder\":591},{\"Id\":477,\"Name\":\"Serving Size - Total - NIP\",\"Value\":\"75.00g\",\"Description\":\"Serving Size - Total - NIP\",\"SortOrder\":607},{\"Id\":544,\"Name\":\"Servings Per Pack - Total - NIP\",\"Value\":\"6.00\",\"Description\":\"Servings Per Pack - Total - NIP\",\"SortOrder\":611},{\"Id\":491,\"Name\":\"Sodium Quantity Per 100g - Total - NIP\",\"Value\":\"8.00mg\",\"Description\":\"Sodium Quantity Per 100g - Total - NIP\",\"SortOrder\":623},{\"Id\":495,\"Name\":\"Sodium Quantity Per Serve - Total - NIP\",\"Value\":\"6.00mg\",\"Description\":\"Sodium Quantity Per Serve - Total - NIP\",\"SortOrder\":627},{\"Id\":907,\"Name\":\"Sugars Quantity Per 100g - Prefix - NIP\",\"Value\":null,\"Description\":\"Sugars Quantity Per 100g - Prefix - NIP\",\"SortOrder\":645},{\"Id\":908,\"Name\":\"Sugars Quantity Per 100g - SuffixUnits - NIP\",\"Value\":\"g\",\"Description\":\"Sugars Quantity Per 100g - SuffixUnits - NIP\",\"SortOrder\":646},{\"Id\":909,\"Name\":\"Sugars Quantity Per 100g - Total - NIP\",\"Value\":\"1.30g\",\"Description\":\"Sugars Quantity Per 100g - Total - NIP\",\"SortOrder\":647},{\"Id\":910,\"Name\":\"Sugars Quantity Per 100g - ValueWord - NIP\",\"Value\":\"1.30\",\"Description\":\"Sugars Quantity Per 100g - ValueWord - NIP\",\"SortOrder\":648},{\"Id\":504,\"Name\":\"Sugars Quantity Per Serve - Prefix - NIP\",\"Value\":null,\"Description\":\"Sugars Quantity Per Serve - Prefix - NIP\",\"SortOrder\":649},{\"Id\":911,\"Name\":\"Sugars Quantity Per Serve - SuffixUnits - NIP\",\"Value\":\"g\",\"Description\":\"Sugars Quantity Per Serve - SuffixUnits - NIP\",\"SortOrder\":650},{\"Id\":912,\"Name\":\"Sugars Quantity Per Serve - Total - NIP\",\"Value\":\"1.00g\",\"Description\":\"Sugars Quantity Per Serve - Total - NIP\",\"SortOrder\":651},{\"Id\":572,\"Name\":\"Sugars Quantity Per Serve - ValueWord - NIP\",\"Value\":\"1.00\",\"Description\":\"Sugars Quantity Per Serve - ValueWord - NIP\",\"SortOrder\":652},{\"Id\":593,\"Name\":\"Trans Quantity Per 100g - Total - NIP\",\"Value\":\"0.06mg\",\"Description\":\"Trans Quantity Per 100g - Total - NIP\",\"SortOrder\":667},{\"Id\":510,\"Name\":\"Trans Quantity Per Serve - Total - NIP\",\"Value\":\"0.05mg\",\"Description\":\"Trans Quantity Per Serve - Total - NIP\",\"SortOrder\":671}]}",
            "ovencook": "False",
            "vegetarian": "False",
            "hypo-allergenic": null,
            "timer": null,
            "dermatologistrecommended": null,
            "sapdepartmentno": "5",
            "allergencontains": null,
            "waterresistant": null,
            "friendlydisclaimer": null,
            "recyclableinformation": null,
            "usageinstructions": null,
            "freezable": "False"
          },
          "DetailsImagePaths": [
            "https://cdn0.woolworths.media/content/wowproductimages/large/260848.jpg"
          ],
          "Variety": "Veg Beans Broccoli Peas",
          "Rating": {
            "ReviewCount": 72,
            "RatingCount": 72,
            "RatingSum": 338,
            "OneStarCount": 1,
            "TwoStarCount": 2,
            "ThreeStarCount": 2,
            "FourStarCount": 8,
            "FiveStarCount": 59,
            "Average": 4.69444444444444,
            "OneStarPercentage": 1.38888888888889,
            "TwoStarPercentage": 2.77777777777778,
            "ThreeStarPercentage": 2.77777777777778,
            "FourStarPercentage": 11.1111111111111,
            "FiveStarPercentage": 81.9444444444444
          },
          "HasProductSubs": false,
          "IsSponsoredAd": false,
          "AdID": null,
          "AdIndex": null,
          "IsMarketProduct": false,
          "IsGiftable": false,
          "Vendor": null,
          "Untraceable": false,
          "ThirdPartyProductInfo": null,
          "MarketFeatures": null,
          "MarketSpecifications": null,
          "SupplyLimitSource": "StockQuantity",
          "Tags": [
            {
              "Content": {
                "Type": "Roundel",
                "Position": "Top",
                "Attributes": {
                  "ImagePath": "/content/promotiontags/boost-to-collect-10x-points-roundel.png",
                  "FallbackText": "Boost to collect 10x points*"
                }
              },
              "TemplateId": null,
              "Metadata": null
            }
          ],
          "IsPersonalisedByPurchaseHistory": false,
          "IsFromFacetedSearch": false,
          "NextAvailabilityDate": null,
          "NumberOfSubstitutes": 0,
          "IsPrimaryVariant": false,
          "VariantGroupId": 0,
          "HasVariants": false,
          "VariantTitle": null,
          "IsTobacco": false
        }
      ],
      "Name": "Heinz Steam Fresh Vegetables Frozen Veg Beans Broccoli Peas",
      "DisplayName": "Heinz Steam Fresh Vegetables Frozen Veg Beans Broccoli Peas 450g"
    },
    {
      "Products": [
        {
          "TileID": 0,
          "Stockcode": 782977,
          "Barcode": "9310081431374",
          "GtinFormat": 13,
          "CupPrice": 7.33,
          "InstoreCupPrice": 7.33,
          "CupMeasure": "1KG",
          "CupString": "$7.33 / 1KG",
          "InstoreCupString": "$7.33 / 1KG",
          "HasCupPrice": true,
          "InstoreHasCupPrice": true,
          "Price": 5.5,
          "InstorePrice": 5.5,
          "Name": "Birds Eye Steam Fresh Peas Beans Broccoli Corn Mix",
          "DisplayName": "Birds Eye Steam Fresh Peas Beans Broccoli Corn Mix 750g",
          "UrlFriendlyName": "birds-eye-steam-fresh-peas-beans-broccoli-corn-mix",
          "Description": " Birds Eye Steam Fresh Peas<br>Beans Broccoli Corn... 750G",
          "SmallImageFile": "https://cdn0.woolworths.media/content/wowproductimages/small/782977.jpg",
          "MediumImageFile": "https://cdn0.woolworths.media/content/wowproductimages/medium/782977.jpg",
          "LargeImageFile": "https://cdn0.woolworths.media/content/wowproductimages/large/782977.jpg",
          "IsNew": false,
          "IsHalfPrice": false,
          "IsOnlineOnly": false,
          "IsOnSpecial": false,
          "InstoreIsOnSpecial": false,
          "IsEdrSpecial": false,
          "SavingsAmount": 0,
          "InstoreSavingsAmount": 0,
          "WasPrice": 5.5,
          "InstoreWasPrice": 5.5,
          "QuantityInTrolley": 0,
          "Unit": "Each",
          "MinimumQuantity": 1,
          "HasBeenBoughtBefore": false,
          "IsInTrolley": false,
          "Source": "Aisle.Freezer",
          "SupplyLimit": 10,
          "ProductLimit": 50,
          "MaxSupplyLimitMessage": "10 item(s) left",
          "IsRanged": true,
          "IsInStock": true,
          "PackageSize": "750G",
          "IsPmDelivery": true,
          "IsForCollection": true,
          "IsForDelivery": true,
          "IsForExpress": true,
          "ProductRestrictionMessage": null,
          "ProductWarningMessage": null,
          "CentreTag": {
            "TagContent": null,
            "TagLink": null,
            "FallbackText": null,
            "TagType": "None",
            "MultibuyData": null,
            "TagContentText": null,
            "DualImageTagContent": null,
            "PromotionType": "NOT_SET",
            "IsRegisteredRewardCardPromotion": false
          },
          "IsCentreTag": false,
          "ImageTag": {
            "TagContent": "/content/promotiontags/boost-to-collect-10x-points-roundel.png",
            "TagLink": null,
            "FallbackText": "Boost to collect 10x points*",
            "TagType": "None",
            "MultibuyData": null,
            "TagContentText": null,
            "DualImageTagContent": null,
            "PromotionType": "NOT_SET",
            "IsRegisteredRewardCardPromotion": false
          },
          "HeaderTag": {
            "BackgroundColor": "#c20016",
            "BorderColor": "#c20016",
            "TextColor": "#fff",
            "Content": "LOW PRICE",
            "TagLink": null,
            "Promotion": "LowPrice"
          },
          "HasHeaderTag": true,
          "UnitWeightInGrams": 0,
          "SupplyLimitMessage": "'Birds Eye Steam Fresh Peas Beans Broccoli Corn Mix' has a supply limit of 10. The quantity in your cart has been reduced accordingly. To purchase a larger quantity, please contact us on 1800 000 610. Please note we do not supply trade orders.",
          "SmallFormatDescription": "Birds Eye Steam Fresh Peas Beans Broccoli Corn Mix",
          "FullDescription": "Birds Eye Steam Fresh Peas Beans Broccoli Corn Mix",
          "IsAvailable": true,
          "InstoreIsAvailable": true,
          "IsPurchasable": true,
          "InstoreIsPurchasable": true,
          "AgeRestricted": false,
          "DisplayQuantity": 1,
          "RichDescription": null,
          "HideWasSavedPrice": false,
          "SapCategories": null,
          "Brand": "Birds Eye",
          "IsRestrictedByDeliveryMethod": false,
          "FooterTag": {
            "TagContent": "Lower Price Always",
            "TagLink": null,
            "FallbackText": null,
            "TagType": "Html",
            "MultibuyData": null,
            "TagContentText": null,
            "DualImageTagContent": null,
            "PromotionType": "NOT_SET",
            "IsRegisteredRewardCardPromotion": false
          },
          "IsFooterEnabled": true,
          "Diagnostics": "7",
          "IsBundle": false,
          "IsInFamily": false,
          "ChildProducts": null,
          "UrlOverride": null,
          "AdditionalAttributes": {
            "boxedcontents": null,
            "addedvitaminsandminerals": "False",
            "sapdepartmentname": "GROCERIES",
            "spf": null,
            "haircolour": null,
            "lifestyleanddietarystatement": "Source of Protein",
            "sapcategoryname": "FROZEN MEALS",
            "skintype": null,
            "importantinformation": null,
            "allergystatement": "Wheat Free",
            "productdepthmm": null,
            "skincondition": null,
            "ophthalmologistapproved": null,
            "healthstarrating": "5",
            "hairtype": null,
            "fragrance-free": null,
            "sapsegmentname": "VALUE ADDED - STEAM",
            "suitablefor": null,
            "PiesProductDepartmentsjson": "[{\"Id\":\"1_ACA2FC2\",\"Description\":\"Freezer\"}]",
            "piessubcategorynamesjson": "[\"Mixed Vegetables\",\"Steam Packs\",\"Gluten Free\"]",
            "sapsegmentno": "19",
            "productwidthmm": null,
            "contains": null,
            "sapsubcategoryname": "FREEZER - VEGETABLES",
            "dermatologisttested": null,
            "wool_productpackaging": null,
            "dermatologicallyapproved": null,
            "specialsgroupid": null,
            "productimages": "782977.jpg,782977_2.jpg,782977_7.jpg,782977_8.jpg,782977_9.jpg,782977_10.jpg",
            "productheightmm": null,
            "r&r_hidereviews": null,
            "microwavesafe": "False",
            "paba-free": null,
            "lifestyleclaim": null,
            "alcoholfree": null,
            "tgawarning": null,
            "activeconstituents": null,
            "microwaveable": "False",
            "soap-free": null,
            "countryoforigin": null,
            "isexcludedfromsubstitution": "False",
            "productimagecount": "6",
            "r&r_loggedinreviews": null,
            "anti-dandruff": null,
            "servingsize-total-nip": null,
            "tgahealthwarninglink": null,
            "allergenmaybepresent": null,
            "PiesProductDepartmentNodeId": "1_ACA2FC2",
            "parabenfree": "False",
            "vendorarticleid": null,
            "containsgluten": "False",
            "containsnuts": "False",
            "ingredients": "Green beans, peas, corn, broccoli.",
            "colour": null,
            "manufacturer": null,
            "sapcategoryno": "97",
            "storageinstructions": "Keep frozen. Store at or below minus 18C.",
            "tgawarnings": null,
            "piesdepartmentnamesjson": "[\"Freezer\"]",
            "brand": "birds eye",
            "oilfree": null,
            "fragrance": null,
            "antibacterial": "False",
            "non-comedogenic": null,
            "antiseptic": "False",
            "bpafree": "False",
            "vendorcostprice": null,
            "description": "- Ready in minutes<br>- Eat with protein of choice for a quick lunch or dinner<br>- 1 steam bag = 2 of your 5 recommended serves of vegetables every day<br>- Good source of fibre to support gut health<br>- Source of Vitamin C and folate<br>- Snap Frozen: Our vegetables are picked at their prime, then lightly blanched, before being snap frozen. This locks in taste and natural vitamins & minerals, so your family get them as nature intended<br><br>Birds Eye SteamFresh Peas, Beans, Corn & Broccoli Mix are ultra convenient for saving time when preparing meals. Packed in three individual bags, all you're left to do with this is steam, and it's ready for you to enjoy either as a side dish or recipe ingredient. <br><br>Serve effortless, balanced meals everyday with Birds Eye SteamFresh Peas, Beans, Corn & Broccoli Mix. This nutritious blend of crisp veggies help support the immune system with Vitamin C and Folate. Serve it alongside mashed potatoes and spicy lean lamb cutlets or toss into your veggie salad bowl.",
            "sweatresistant": null,
            "sapsubcategoryno": "103",
            "claims": null,
            "antioxidant": "False",
            "phbalanced": null,
            "wool_dietaryclaim": null,
            "ophthalmologisttested": null,
            "sulfatefree": "False",
            "servingsperpack-total-nip": null,
            "piescategorynamesjson": "[\"Frozen Vegetables\",\"Frozen Gluten Free\"]",
            "nutritionalinformation": "{\"Name\":\"Nutritional Information\",\"Attributes\":[{\"Id\":702,\"Name\":\"Calcium Quantity Per 100g - Total - NIP\",\"Value\":\"26mg\",\"Description\":\"Calcium Quantity Per 100g - Total - NIP\",\"SortOrder\":71},{\"Id\":47,\"Name\":\"Calcium Quantity Per Serve - Total - NIP\",\"Value\":\"19.5mg\",\"Description\":\"Calcium Quantity Per Serve - Total - NIP\",\"SortOrder\":75},{\"Id\":705,\"Name\":\"Carbohydrate Quantity Per 100g - Total - NIP\",\"Value\":\"7.00g\",\"Description\":\"Carbohydrate Quantity Per 100g - Total - NIP\",\"SortOrder\":83},{\"Id\":706,\"Name\":\"Carbohydrate Quantity Per Serve - Total - NIP\",\"Value\":\"10.50g\",\"Description\":\"Carbohydrate Quantity Per Serve - Total - NIP\",\"SortOrder\":87},{\"Id\":191,\"Name\":\"Dietary Fibre Quantity Per 100g - Total - NIP\",\"Value\":\"4.40g\",\"Description\":\"Dietary Fibre Quantity Per 100g - Total - NIP\",\"SortOrder\":175},{\"Id\":120,\"Name\":\"Dietary Fibre Quantity Per Serve - Total - NIP\",\"Value\":\"6.60g\",\"Description\":\"Dietary Fibre Quantity Per Serve - Total - NIP\",\"SortOrder\":179},{\"Id\":759,\"Name\":\"Energy kJ Quantity Per 100g - Total - NIP\",\"Value\":\"236.00kJ\",\"Description\":\"Energy kJ Quantity Per 100g - Total - NIP\",\"SortOrder\":239},{\"Id\":760,\"Name\":\"Energy kJ Quantity Per Serve - Total - NIP\",\"Value\":\"354.00kJ\",\"Description\":\"Energy kJ Quantity Per Serve - Total - NIP\",\"SortOrder\":243},{\"Id\":253,\"Name\":\"Fat Saturated Quantity Per 100g - Total - NIP\",\"Value\":\"0.10g\",\"Description\":\"Fat Saturated Quantity Per 100g - Total - NIP\",\"SortOrder\":251},{\"Id\":258,\"Name\":\"Fat Saturated Quantity Per Serve - Total - NIP\",\"Value\":\"0.20g\",\"Description\":\"Fat Saturated Quantity Per Serve - Total - NIP\",\"SortOrder\":255},{\"Id\":764,\"Name\":\"Fat Total Quantity Per 100g - Total - NIP\",\"Value\":\"0.70g\",\"Description\":\"Fat Total Quantity Per 100g - Total - NIP\",\"SortOrder\":263},{\"Id\":166,\"Name\":\"Fat Total Quantity Per 100g - ValueWord - NIP\",\"Value\":\"0.70\",\"Description\":\"Fat Total Quantity Per 100g - ValueWord - NIP\",\"SortOrder\":264},{\"Id\":264,\"Name\":\"Fat Total Quantity Per Serve - Total - NIP\",\"Value\":\"1.00g\",\"Description\":\"Fat Total Quantity Per Serve - Total - NIP\",\"SortOrder\":267},{\"Id\":402,\"Name\":\"Monounsaturated Quantity Per 100g - Total - NIP\",\"Value\":\"0.02g\",\"Description\":\"Monounsaturated Quantity Per 100g - Total - NIP\",\"SortOrder\":479},{\"Id\":834,\"Name\":\"Monounsaturated Quantity Per Serve - Total - NIP\",\"Value\":\"0.02g\",\"Description\":\"Monounsaturated Quantity Per Serve - Total - NIP\",\"SortOrder\":483},{\"Id\":434,\"Name\":\"Polyunsaturated Quantity Per 100g - Total - NIP\",\"Value\":\"0.04g\",\"Description\":\"Polyunsaturated Quantity Per 100g - Total - NIP\",\"SortOrder\":563},{\"Id\":435,\"Name\":\"Polyunsaturated Quantity Per Serve - Total - NIP\",\"Value\":\"0.03g\",\"Description\":\"Polyunsaturated Quantity Per Serve - Total - NIP\",\"SortOrder\":567},{\"Id\":443,\"Name\":\"Potassium Quantity Per 100g - Total - NIP\",\"Value\":\"259mg\",\"Description\":\"Potassium Quantity Per 100g - Total - NIP\",\"SortOrder\":575},{\"Id\":493,\"Name\":\"Potassium Quantity Per Serve - Total - NIP\",\"Value\":\"194.25mg\",\"Description\":\"Potassium Quantity Per Serve - Total - NIP\",\"SortOrder\":579},{\"Id\":878,\"Name\":\"Protein Quantity Per 100g - Total - NIP\",\"Value\":\"3.30g\",\"Description\":\"Protein Quantity Per 100g - Total - NIP\",\"SortOrder\":587},{\"Id\":882,\"Name\":\"Protein Quantity Per Serve - Total - NIP\",\"Value\":\"5.00g\",\"Description\":\"Protein Quantity Per Serve - Total - NIP\",\"SortOrder\":591},{\"Id\":477,\"Name\":\"Serving Size - Total - NIP\",\"Value\":\"150.00g\",\"Description\":\"Serving Size - Total - NIP\",\"SortOrder\":607},{\"Id\":544,\"Name\":\"Servings Per Pack - Total - NIP\",\"Value\":\"5.00\",\"Description\":\"Servings Per Pack - Total - NIP\",\"SortOrder\":611},{\"Id\":491,\"Name\":\"Sodium Quantity Per 100g - Total - NIP\",\"Value\":\"5.00mg\",\"Description\":\"Sodium Quantity Per 100g - Total - NIP\",\"SortOrder\":623},{\"Id\":495,\"Name\":\"Sodium Quantity Per Serve - Total - NIP\",\"Value\":\"8.00mg\",\"Description\":\"Sodium Quantity Per Serve - Total - NIP\",\"SortOrder\":627},{\"Id\":907,\"Name\":\"Sugars Quantity Per 100g - Prefix - NIP\",\"Value\":null,\"Description\":\"Sugars Quantity Per 100g - Prefix - NIP\",\"SortOrder\":645},{\"Id\":908,\"Name\":\"Sugars Quantity Per 100g - SuffixUnits - NIP\",\"Value\":\"g\",\"Description\":\"Sugars Quantity Per 100g - SuffixUnits - NIP\",\"SortOrder\":646},{\"Id\":909,\"Name\":\"Sugars Quantity Per 100g - Total - NIP\",\"Value\":\"3.10g\",\"Description\":\"Sugars Quantity Per 100g - Total - NIP\",\"SortOrder\":647},{\"Id\":910,\"Name\":\"Sugars Quantity Per 100g - ValueWord - NIP\",\"Value\":\"3.10\",\"Description\":\"Sugars Quantity Per 100g - ValueWord - NIP\",\"SortOrder\":648},{\"Id\":504,\"Name\":\"Sugars Quantity Per Serve - Prefix - NIP\",\"Value\":null,\"Description\":\"Sugars Quantity Per Serve - Prefix - NIP\",\"SortOrder\":649},{\"Id\":911,\"Name\":\"Sugars Quantity Per Serve - SuffixUnits - NIP\",\"Value\":\"g\",\"Description\":\"Sugars Quantity Per Serve - SuffixUnits - NIP\",\"SortOrder\":650},{\"Id\":912,\"Name\":\"Sugars Quantity Per Serve - Total - NIP\",\"Value\":\"4.60g\",\"Description\":\"Sugars Quantity Per Serve - Total - NIP\",\"SortOrder\":651},{\"Id\":572,\"Name\":\"Sugars Quantity Per Serve - ValueWord - NIP\",\"Value\":\"4.60\",\"Description\":\"Sugars Quantity Per Serve - ValueWord - NIP\",\"SortOrder\":652},{\"Id\":593,\"Name\":\"Trans Quantity Per 100g - Total - NIP\",\"Value\":\"0.06mg\",\"Description\":\"Trans Quantity Per 100g - Total - NIP\",\"SortOrder\":667},{\"Id\":510,\"Name\":\"Trans Quantity Per Serve - Total - NIP\",\"Value\":\"0.05mg\",\"Description\":\"Trans Quantity Per Serve - Total - NIP\",\"SortOrder\":671}]}",
            "ovencook": "False",
            "vegetarian": "False",
            "hypo-allergenic": null,
            "timer": null,
            "dermatologistrecommended": null,
            "sapdepartmentno": "5",
            "allergencontains": null,
            "waterresistant": null,
            "friendlydisclaimer": null,
            "recyclableinformation": null,
            "usageinstructions": null,
            "freezable": "False"
          },
          "DetailsImagePaths": [
            "https://cdn0.woolworths.media/content/wowproductimages/large/782977.jpg"
          ],
          "Variety": "Peas Beans Broccoli Corn Mix",
          "Rating": {
            "ReviewCount": 92,
            "RatingCount": 92,
            "RatingSum": 442,
            "OneStarCount": 0,
            "TwoStarCount": 1,
            "ThreeStarCount": 1,
            "FourStarCount": 13,
            "FiveStarCount": 77,
            "Average": 4.80434782608696,
            "OneStarPercentage": 0,
            "TwoStarPercentage": 1.08695652173913,
            "ThreeStarPercentage": 1.08695652173913,
            "FourStarPercentage": 14.1304347826087,
            "FiveStarPercentage": 83.695652173913
          },
          "HasProductSubs": false,
          "IsSponsoredAd": false,
          "AdID": null,
          "AdIndex": null,
          "IsMarketProduct": false,
          "IsGiftable": false,
          "Vendor": null,
          "Untraceable": false,
          "ThirdPartyProductInfo": null,
          "MarketFeatures": null,
          "MarketSpecifications": null,
          "SupplyLimitSource": "StockQuantity",
          "Tags": [
            {
              "Content": {
                "Type": "Label",
                "Position": "Top",
                "Attributes": {
                  "Text": "LOW PRICE",
                  "Promotion": "LowPrice",
                  "BackgroundColor": "#c20016",
                  "BorderColor": "#c20016",
                  "TextColor": "#fff"
                }
              },
              "TemplateId": null,
              "Metadata": null
            },
            {
              "Content": {
                "Type": "Roundel",
                "Position": "Top",
                "Attributes": {
                  "ImagePath": "/content/promotiontags/boost-to-collect-10x-points-roundel.png",
                  "FallbackText": "Boost to collect 10x points*"
                }
              },
              "TemplateId": null,
              "Metadata": null
            }
          ],
          "IsPersonalisedByPurchaseHistory": false,
          "IsFromFacetedSearch": false,
          "NextAvailabilityDate": null,
          "NumberOfSubstitutes": 0,
          "IsPrimaryVariant": false,
          "VariantGroupId": 0,
          "HasVariants": false,
          "VariantTitle": null,
          "IsTobacco": false
        }
      ],
      "Name": "Birds Eye Steam Fresh Peas Beans Broccoli Corn Mix",
      "DisplayName": "Birds Eye Steam Fresh Peas Beans Broccoli Corn Mix 750g"
    },
    {
      "Products": [
        {
          "TileID": 0,
          "Stockcode": 768569,
          "Barcode": "9300633450427",
          "GtinFormat": 13,
          "CupPrice": 4.5,
          "InstoreCupPrice": 4.5,
          "CupMeasure": "1KG",
          "CupString": "$4.50 / 1KG",
          "InstoreCupString": "$4.50 / 1KG",
          "HasCupPrice": true,
          "InstoreHasCupPrice": true,
          "Price": 4.5,
          "InstorePrice": 4.5,
          "Name": "Woolworths Carrots Peas & Corn",
          "DisplayName": "Woolworths Carrots Peas & Corn 1kg",
          "UrlFriendlyName": "woolworths-carrots-peas-corn",
          "Description": " Woolworths Carrots Peas &<br>Corn 1Kg",
          "SmallImageFile": "https://cdn0.woolworths.media/content/wowproductimages/small/768569.jpg",
          "MediumImageFile": "https://cdn0.woolworths.media/content/wowproductimages/medium/768569.jpg",
          "LargeImageFile": "https://cdn0.woolworths.media/content/wowproductimages/large/768569.jpg",
          "IsNew": false,
          "IsHalfPrice": false,
          "IsOnlineOnly": false,
          "IsOnSpecial": false,
          "InstoreIsOnSpecial": false,
          "IsEdrSpecial": false,
          "SavingsAmount": 0,
          "InstoreSavingsAmount": 0,
          "WasPrice": 4.5,
          "InstoreWasPrice": 4.5,
          "QuantityInTrolley": 0,
          "Unit": "Each",
          "MinimumQuantity": 1,
          "HasBeenBoughtBefore": false,
          "IsInTrolley": false,
          "Source": "Aisle.Freezer",
          "SupplyLimit": 24,
          "ProductLimit": 50,
          "MaxSupplyLimitMessage": "24 item(s) left",
          "IsRanged": true,
          "IsInStock": true,
          "PackageSize": "1Kg",
          "IsPmDelivery": true,
          "IsForCollection": true,
          "IsForDelivery": true,
          "IsForExpress": true,
          "ProductRestrictionMessage": null,
          "ProductWarningMessage": null,
          "CentreTag": {
            "TagContent": null,
            "TagLink": null,
            "FallbackText": null,
            "TagType": "None",
            "MultibuyData": null,
            "TagContentText": null,
            "DualImageTagContent": null,
            "PromotionType": "NOT_SET",
            "IsRegisteredRewardCardPromotion": false
          },
          "IsCentreTag": false,
          "ImageTag": {
            "TagContent": null,
            "TagLink": null,
            "FallbackText": "",
            "TagType": "None",
            "MultibuyData": null,
            "TagContentText": null,
            "DualImageTagContent": null,
            "PromotionType": "NOT_SET",
            "IsRegisteredRewardCardPromotion": false
          },
          "HeaderTag": {
            "BackgroundColor": "#c20016",
            "BorderColor": "#c20016",
            "TextColor": "#fff",
            "Content": "LOW PRICE",
            "TagLink": null,
            "Promotion": "LowPrice"
          },
          "HasHeaderTag": true,
          "UnitWeightInGrams": 0,
          "SupplyLimitMessage": "'Woolworths Carrots Peas & Corn' has a supply limit of 24. The quantity in your cart has been reduced accordingly. To purchase a larger quantity, please contact us on 1800 000 610. Please note we do not supply trade orders.",
          "SmallFormatDescription": "Woolworths Carrots Peas & Corn",
          "FullDescription": "Woolworths Carrots Peas & Corn",
          "IsAvailable": true,
          "InstoreIsAvailable": true,
          "IsPurchasable": true,
          "InstoreIsPurchasable": true,
          "AgeRestricted": false,
          "DisplayQuantity": 1,
          "RichDescription": null,
          "HideWasSavedPrice": false,
          "SapCategories": null,
          "Brand": "Woolworths",
          "IsRestrictedByDeliveryMethod": false,
          "FooterTag": {
            "TagContent": "Lower Price Always",
            "TagLink": null,
            "FallbackText": null,
            "TagType": "Html",
            "MultibuyData": null,
            "TagContentText": null,
            "DualImageTagContent": null,
            "PromotionType": "NOT_SET",
            "IsRegisteredRewardCardPromotion": false
          },
          "IsFooterEnabled": true,
          "Diagnostics": "8",
          "IsBundle": false,
          "IsInFamily": false,
          "ChildProducts": null,
          "UrlOverride": null,
          "AdditionalAttributes": {
            "boxedcontents": null,
            "addedvitaminsandminerals": "False",
            "sapdepartmentname": "GROCERIES",
            "spf": null,
            "haircolour": null,
            "lifestyleanddietarystatement": "Low Sugar",
            "sapcategoryname": "FROZEN MEALS",
            "skintype": null,
            "importantinformation": null,
            "allergystatement": "Wheat Free",
            "productdepthmm": null,
            "skincondition": null,
            "ophthalmologistapproved": null,
            "healthstarrating": "5",
            "hairtype": null,
            "fragrance-free": null,
            "sapsegmentname": "MIXED VEGETABLES",
            "suitablefor": null,
            "PiesProductDepartmentsjson": "[{\"Id\":\"1_ACA2FC2\",\"Description\":\"Freezer\"}]",
            "piessubcategorynamesjson": "[\"Mixed Vegetables\",\"Gluten Free\"]",
            "sapsegmentno": "12",
            "productwidthmm": null,
            "contains": null,
            "sapsubcategoryname": "FREEZER - VEGETABLES",
            "dermatologisttested": null,
            "wool_productpackaging": null,
            "dermatologicallyapproved": null,
            "specialsgroupid": null,
            "productimages": "768569.jpg,768569_2.jpg,768569_6.jpg",
            "productheightmm": null,
            "r&r_hidereviews": null,
            "microwavesafe": "False",
            "paba-free": null,
            "lifestyleclaim": null,
            "alcoholfree": null,
            "tgawarning": null,
            "activeconstituents": null,
            "microwaveable": "False",
            "soap-free": null,
            "countryoforigin": null,
            "isexcludedfromsubstitution": "False",
            "productimagecount": "3",
            "r&r_loggedinreviews": null,
            "anti-dandruff": null,
            "servingsize-total-nip": null,
            "tgahealthwarninglink": null,
            "allergenmaybepresent": null,
            "PiesProductDepartmentNodeId": "1_ACA2FC2",
            "parabenfree": "False",
            "vendorarticleid": null,
            "containsgluten": "False",
            "containsnuts": "False",
            "ingredients": "Carrots, Peas and Corn.",
            "colour": null,
            "manufacturer": null,
            "sapcategoryno": "97",
            "storageinstructions": "Keep frozen at or below -18°C. Once thawed do not refreeze.",
            "tgawarnings": null,
            "piesdepartmentnamesjson": "[\"Freezer\"]",
            "brand": "woolworths",
            "oilfree": null,
            "fragrance": null,
            "antibacterial": "False",
            "non-comedogenic": null,
            "antiseptic": "False",
            "bpafree": "False",
            "vendorcostprice": null,
            "description": "<p>The Woolworths Select range of frozen vegetables are snap frozen to lock in the freshness and flavour – a convenient and nutritious way to enjoy vegetables.</p>",
            "sweatresistant": null,
            "sapsubcategoryno": "103",
            "claims": null,
            "antioxidant": "False",
            "phbalanced": null,
            "wool_dietaryclaim": null,
            "ophthalmologisttested": null,
            "sulfatefree": "False",
            "servingsperpack-total-nip": null,
            "piescategorynamesjson": "[\"Frozen Vegetables\",\"Frozen Gluten Free\"]",
            "nutritionalinformation": "{\"Name\":\"Nutritional Information\",\"Attributes\":[{\"Id\":702,\"Name\":\"Calcium Quantity Per 100g - Total - NIP\",\"Value\":\"26mg\",\"Description\":\"Calcium Quantity Per 100g - Total - NIP\",\"SortOrder\":71},{\"Id\":47,\"Name\":\"Calcium Quantity Per Serve - Total - NIP\",\"Value\":\"19.5mg\",\"Description\":\"Calcium Quantity Per Serve - Total - NIP\",\"SortOrder\":75},{\"Id\":705,\"Name\":\"Carbohydrate Quantity Per 100g - Total - NIP\",\"Value\":\"6.1g\",\"Description\":\"Carbohydrate Quantity Per 100g - Total - NIP\",\"SortOrder\":83},{\"Id\":706,\"Name\":\"Carbohydrate Quantity Per Serve - Total - NIP\",\"Value\":\"4.6g\",\"Description\":\"Carbohydrate Quantity Per Serve - Total - NIP\",\"SortOrder\":87},{\"Id\":191,\"Name\":\"Dietary Fibre Quantity Per 100g - Total - NIP\",\"Value\":\"4.2g\",\"Description\":\"Dietary Fibre Quantity Per 100g - Total - NIP\",\"SortOrder\":175},{\"Id\":120,\"Name\":\"Dietary Fibre Quantity Per Serve - Total - NIP\",\"Value\":\"3.2g\",\"Description\":\"Dietary Fibre Quantity Per Serve - Total - NIP\",\"SortOrder\":179},{\"Id\":759,\"Name\":\"Energy kJ Quantity Per 100g - Total - NIP\",\"Value\":\"213kJ\",\"Description\":\"Energy kJ Quantity Per 100g - Total - NIP\",\"SortOrder\":239},{\"Id\":760,\"Name\":\"Energy kJ Quantity Per Serve - Total - NIP\",\"Value\":\"160kJ\",\"Description\":\"Energy kJ Quantity Per Serve - Total - NIP\",\"SortOrder\":243},{\"Id\":253,\"Name\":\"Fat Saturated Quantity Per 100g - Total - NIP\",\"Value\":\"<1.0g\",\"Description\":\"Fat Saturated Quantity Per 100g - Total - NIP\",\"SortOrder\":251},{\"Id\":258,\"Name\":\"Fat Saturated Quantity Per Serve - Total - NIP\",\"Value\":\"<1.0g\",\"Description\":\"Fat Saturated Quantity Per Serve - Total - NIP\",\"SortOrder\":255},{\"Id\":764,\"Name\":\"Fat Total Quantity Per 100g - Total - NIP\",\"Value\":\"<1.0g\",\"Description\":\"Fat Total Quantity Per 100g - Total - NIP\",\"SortOrder\":263},{\"Id\":166,\"Name\":\"Fat Total Quantity Per 100g - ValueWord - NIP\",\"Value\":\"1.0\",\"Description\":\"Fat Total Quantity Per 100g - ValueWord - NIP\",\"SortOrder\":264},{\"Id\":264,\"Name\":\"Fat Total Quantity Per Serve - Total - NIP\",\"Value\":\"<1.0g\",\"Description\":\"Fat Total Quantity Per Serve - Total - NIP\",\"SortOrder\":267},{\"Id\":402,\"Name\":\"Monounsaturated Quantity Per 100g - Total - NIP\",\"Value\":\"0.02g\",\"Description\":\"Monounsaturated Quantity Per 100g - Total - NIP\",\"SortOrder\":479},{\"Id\":834,\"Name\":\"Monounsaturated Quantity Per Serve - Total - NIP\",\"Value\":\"0.02g\",\"Description\":\"Monounsaturated Quantity Per Serve - Total - NIP\",\"SortOrder\":483},{\"Id\":434,\"Name\":\"Polyunsaturated Quantity Per 100g - Total - NIP\",\"Value\":\"0.04g\",\"Description\":\"Polyunsaturated Quantity Per 100g - Total - NIP\",\"SortOrder\":563},{\"Id\":435,\"Name\":\"Polyunsaturated Quantity Per Serve - Total - NIP\",\"Value\":\"0.03g\",\"Description\":\"Polyunsaturated Quantity Per Serve - Total - NIP\",\"SortOrder\":567},{\"Id\":443,\"Name\":\"Potassium Quantity Per 100g - Total - NIP\",\"Value\":\"259mg\",\"Description\":\"Potassium Quantity Per 100g - Total - NIP\",\"SortOrder\":575},{\"Id\":493,\"Name\":\"Potassium Quantity Per Serve - Total - NIP\",\"Value\":\"194.25mg\",\"Description\":\"Potassium Quantity Per Serve - Total - NIP\",\"SortOrder\":579},{\"Id\":878,\"Name\":\"Protein Quantity Per 100g - Total - NIP\",\"Value\":\"2.8g\",\"Description\":\"Protein Quantity Per 100g - Total - NIP\",\"SortOrder\":587},{\"Id\":882,\"Name\":\"Protein Quantity Per Serve - Total - NIP\",\"Value\":\"2.1g\",\"Description\":\"Protein Quantity Per Serve - Total - NIP\",\"SortOrder\":591},{\"Id\":477,\"Name\":\"Serving Size - Total - NIP\",\"Value\":\"75g\",\"Description\":\"Serving Size - Total - NIP\",\"SortOrder\":607},{\"Id\":544,\"Name\":\"Servings Per Pack - Total - NIP\",\"Value\":\"13\",\"Description\":\"Servings Per Pack - Total - NIP\",\"SortOrder\":611},{\"Id\":491,\"Name\":\"Sodium Quantity Per 100g - Total - NIP\",\"Value\":\"17mg\",\"Description\":\"Sodium Quantity Per 100g - Total - NIP\",\"SortOrder\":623},{\"Id\":495,\"Name\":\"Sodium Quantity Per Serve - Total - NIP\",\"Value\":\"13mg\",\"Description\":\"Sodium Quantity Per Serve - Total - NIP\",\"SortOrder\":627},{\"Id\":907,\"Name\":\"Sugars Quantity Per 100g - Prefix - NIP\",\"Value\":null,\"Description\":\"Sugars Quantity Per 100g - Prefix - NIP\",\"SortOrder\":645},{\"Id\":908,\"Name\":\"Sugars Quantity Per 100g - SuffixUnits - NIP\",\"Value\":\"g\",\"Description\":\"Sugars Quantity Per 100g - SuffixUnits - NIP\",\"SortOrder\":646},{\"Id\":909,\"Name\":\"Sugars Quantity Per 100g - Total - NIP\",\"Value\":\"4.5g\",\"Description\":\"Sugars Quantity Per 100g - Total - NIP\",\"SortOrder\":647},{\"Id\":910,\"Name\":\"Sugars Quantity Per 100g - ValueWord - NIP\",\"Value\":\"4.5\",\"Description\":\"Sugars Quantity Per 100g - ValueWord - NIP\",\"SortOrder\":648},{\"Id\":504,\"Name\":\"Sugars Quantity Per Serve - Prefix - NIP\",\"Value\":null,\"Description\":\"Sugars Quantity Per Serve - Prefix - NIP\",\"SortOrder\":649},{\"Id\":911,\"Name\":\"Sugars Quantity Per Serve - SuffixUnits - NIP\",\"Value\":\"g\",\"Description\":\"Sugars Quantity Per Serve - SuffixUnits - NIP\",\"SortOrder\":650},{\"Id\":912,\"Name\":\"Sugars Quantity Per Serve - Total - NIP\",\"Value\":\"3.4g\",\"Description\":\"Sugars Quantity Per Serve - Total - NIP\",\"SortOrder\":651},{\"Id\":572,\"Name\":\"Sugars Quantity Per Serve - ValueWord - NIP\",\"Value\":\"3.4\",\"Description\":\"Sugars Quantity Per Serve - ValueWord - NIP\",\"SortOrder\":652},{\"Id\":593,\"Name\":\"Trans Quantity Per 100g - Total - NIP\",\"Value\":\"0.06mg\",\"Description\":\"Trans Quantity Per 100g - Total - NIP\",\"SortOrder\":667},{\"Id\":510,\"Name\":\"Trans Quantity Per Serve - Total - NIP\",\"Value\":\"0.05mg\",\"Description\":\"Trans Quantity Per Serve - Total - NIP\",\"SortOrder\":671}]}",
            "ovencook": "False",
            "vegetarian": "False",
            "hypo-allergenic": null,
            "timer": null,
            "dermatologistrecommended": null,
            "sapdepartmentno": "5",
            "allergencontains": null,
            "waterresistant": null,
            "friendlydisclaimer": null,
            "recyclableinformation": null,
            "usageinstructions": null,
            "freezable": "False"
          },
          "DetailsImagePaths": [
            "https://cdn0.woolworths.media/content/wowproductimages/large/768569.jpg"
          ],
          "Variety": "& Corn",
          "Rating": {
            "ReviewCount": 906,
            "RatingCount": 906,
            "RatingSum": 4186,
            "OneStarCount": 3,
            "TwoStarCount": 11,
            "ThreeStarCount": 42,
            "FourStarCount": 215,
            "FiveStarCount": 635,
            "Average": 4.62030905077263,
            "OneStarPercentage": 0.33112582781457,
            "TwoStarPercentage": 1.21412803532009,
            "ThreeStarPercentage": 4.63576158940397,
            "FourStarPercentage": 23.7306843267108,
            "FiveStarPercentage": 70.0883002207506
          },
          "HasProductSubs": false,
          "IsSponsoredAd": false,
          "AdID": null,
          "AdIndex": null,
          "IsMarketProduct": false,
          "IsGiftable": false,
          "Vendor": null,
          "Untraceable": false,
          "ThirdPartyProductInfo": null,
          "MarketFeatures": null,
          "MarketSpecifications": null,
          "SupplyLimitSource": "StockQuantity",
          "Tags": [
            {
              "Content": {
                "Type": "Label",
                "Position": "Top",
                "Attributes": {
                  "Text": "LOW PRICE",
                  "Promotion": "LowPrice",
                  "BackgroundColor": "#c20016",
                  "BorderColor": "#c20016",
                  "TextColor": "#fff"
                }
              },
              "TemplateId": null,
              "Metadata": null
            }
          ],
          "IsPersonalisedByPurchaseHistory": false,
          "IsFromFacetedSearch": false,
          "NextAvailabilityDate": null,
          "NumberOfSubstitutes": 0,
          "IsPrimaryVariant": false,
          "VariantGroupId": 0,
          "HasVariants": false,
          "VariantTitle": null,
          "IsTobacco": false
        }
      ],
      "Name": "Woolworths Carrots Peas & Corn",
      "DisplayName": "Woolworths Carrots Peas & Corn 1kg"
    },
    {
      "Products": [
        {
          "TileID": 0,
          "Stockcode": 662937,
          "Barcode": "9310174157495",
          "GtinFormat": 13,
          "CupPrice": 5,
          "InstoreCupPrice": 5,
          "CupMeasure": "1KG",
          "CupString": "$5.00 / 1KG",
          "InstoreCupString": "$5.00 / 1KG",
          "HasCupPrice": true,
          "InstoreHasCupPrice": true,
          "Price": 4.5,
          "InstorePrice": 4.5,
          "Name": "Mccain Superfries Shoestring",
          "DisplayName": "Mccain Superfries Shoestring 900g",
          "UrlFriendlyName": "mccain-superfries-shoestring",
          "Description": " Mccain Superfries Shoestring<br> 900G",
          "SmallImageFile": "https://cdn0.woolworths.media/content/wowproductimages/small/662937.jpg",
          "MediumImageFile": "https://cdn0.woolworths.media/content/wowproductimages/medium/662937.jpg",
          "LargeImageFile": "https://cdn0.woolworths.media/content/wowproductimages/large/662937.jpg",
          "IsNew": false,
          "IsHalfPrice": false,
          "IsOnlineOnly": false,
          "IsOnSpecial": false,
          "InstoreIsOnSpecial": false,
          "IsEdrSpecial": false,
          "SavingsAmount": 0,
          "InstoreSavingsAmount": 0,
          "WasPrice": 4.5,
          "InstoreWasPrice": 4.5,
          "QuantityInTrolley": 0,
          "Unit": "Each",
          "MinimumQuantity": 1,
          "HasBeenBoughtBefore": false,
          "IsInTrolley": false,
          "Source": "Aisle.Freezer",
          "SupplyLimit": 24,
          "ProductLimit": 50,
          "MaxSupplyLimitMessage": "24 item(s) left",
          "IsRanged": true,
          "IsInStock": true,
          "PackageSize": "900G",
          "IsPmDelivery": true,
          "IsForCollection": true,
          "IsForDelivery": true,
          "IsForExpress": true,
          "ProductRestrictionMessage": null,
          "ProductWarningMessage": null,
          "CentreTag": {
            "TagContent": null,
            "TagLink": null,
            "FallbackText": null,
            "TagType": "None",
            "MultibuyData": null,
            "TagContentText": null,
            "DualImageTagContent": null,
            "PromotionType": "NOT_SET",
            "IsRegisteredRewardCardPromotion": false
          },
          "IsCentreTag": false,
          "ImageTag": {
            "TagContent": null,
            "TagLink": null,
            "FallbackText": "",
            "TagType": "None",
            "MultibuyData": null,
            "TagContentText": null,
            "DualImageTagContent": null,
            "PromotionType": "NOT_SET",
            "IsRegisteredRewardCardPromotion": false
          },
          "HeaderTag": {
            "BackgroundColor": "#c20016",
            "BorderColor": "#c20016",
            "TextColor": "#fff",
            "Content": "LOW PRICE",
            "TagLink": null,
            "Promotion": "LowPrice"
          },
          "HasHeaderTag": true,
          "UnitWeightInGrams": 0,
          "SupplyLimitMessage": "'Mccain Superfries Shoestring' has a supply limit of 24. The quantity in your cart has been reduced accordingly. To purchase a larger quantity, please contact us on 1800 000 610. Please note we do not supply trade orders.",
          "SmallFormatDescription": "Mccain Superfries Shoestring ",
          "FullDescription": "Mccain Superfries Shoestring ",
          "IsAvailable": true,
          "InstoreIsAvailable": true,
          "IsPurchasable": true,
          "InstoreIsPurchasable": true,
          "AgeRestricted": false,
          "DisplayQuantity": 1,
          "RichDescription": null,
          "HideWasSavedPrice": false,
          "SapCategories": null,
          "Brand": "McCain",
          "IsRestrictedByDeliveryMethod": false,
          "FooterTag": {
            "TagContent": "Lower Price Always",
            "TagLink": null,
            "FallbackText": null,
            "TagType": "Html",
            "MultibuyData": null,
            "TagContentText": null,
            "DualImageTagContent": null,
            "PromotionType": "NOT_SET",
            "IsRegisteredRewardCardPromotion": false
          },
          "IsFooterEnabled": true,
          "Diagnostics": "9",
          "IsBundle": false,
          "IsInFamily": false,
          "ChildProducts": null,
          "UrlOverride": null,
          "AdditionalAttributes": {
            "boxedcontents": null,
            "addedvitaminsandminerals": "False",
            "sapdepartmentname": "GROCERIES",
            "spf": null,
            "haircolour": null,
            "lifestyleanddietarystatement": "Vegetarian",
            "sapcategoryname": "FREEZER - VEGETABLES",
            "skintype": null,
            "importantinformation": null,
            "allergystatement": "Wheat Free",
            "productdepthmm": null,
            "skincondition": null,
            "ophthalmologistapproved": null,
            "healthstarrating": "4.5",
            "hairtype": null,
            "fragrance-free": null,
            "sapsegmentname": "POTATO CHIPS - (PLAIN CHIPS)",
            "suitablefor": null,
            "PiesProductDepartmentsjson": "[{\"Id\":\"1_D5A2236\",\"Description\":\"Poultry, Meat & Seafood\"},{\"Id\":\"1_ACA2FC2\",\"Description\":\"Freezer\"}]",
            "piessubcategorynamesjson": "[\"Chips\"]",
            "sapsegmentno": "28",
            "productwidthmm": null,
            "contains": null,
            "sapsubcategoryname": "FREEZER - POTATO",
            "dermatologisttested": null,
            "wool_productpackaging": null,
            "dermatologicallyapproved": null,
            "specialsgroupid": null,
            "productimages": "662937.jpg,662937_10.jpg",
            "productheightmm": null,
            "r&r_hidereviews": null,
            "microwavesafe": "False",
            "paba-free": null,
            "lifestyleclaim": "Real Australian potatoes, Cooked in Canola Oil",
            "alcoholfree": null,
            "tgawarning": null,
            "activeconstituents": null,
            "microwaveable": "False",
            "soap-free": null,
            "countryoforigin": null,
            "isexcludedfromsubstitution": "False",
            "productimagecount": "2",
            "r&r_loggedinreviews": null,
            "anti-dandruff": null,
            "servingsize-total-nip": null,
            "tgahealthwarninglink": null,
            "allergenmaybepresent": "Gluten containing cereals, Sulphites",
            "PiesProductDepartmentNodeId": "1_D5A2236",
            "parabenfree": "False",
            "vendorarticleid": null,
            "containsgluten": "False",
            "containsnuts": "False",
            "ingredients": "Potato (94%), Canola Oil, Dextrose (from Maize)",
            "colour": null,
            "manufacturer": null,
            "sapcategoryno": "95",
            "storageinstructions": "Store at or below minus 18°C. Do not thaw before cooking. Product must be cooked before consumption.",
            "tgawarnings": null,
            "piesdepartmentnamesjson": "[\"Poultry, Meat & Seafood\",\"Freezer\"]",
            "brand": "mccain",
            "oilfree": null,
            "fragrance": null,
            "antibacterial": "False",
            "non-comedogenic": null,
            "antiseptic": "False",
            "bpafree": "False",
            "vendorcostprice": null,
            "description": "McCain Superfries Shoestring fries are made with natural ingredients and 100% Australian sourced potatoes cooked in canola oil. Making them delicious and heart healthy option.",
            "sweatresistant": null,
            "sapsubcategoryno": "67",
            "claims": null,
            "antioxidant": "False",
            "phbalanced": null,
            "wool_dietaryclaim": null,
            "ophthalmologisttested": null,
            "sulfatefree": "False",
            "servingsperpack-total-nip": null,
            "piescategorynamesjson": "[\"Chips & Wedges\"]",
            "nutritionalinformation": "{\"Name\":\"Nutritional Information\",\"Attributes\":[{\"Id\":705,\"Name\":\"Carbohydrate Quantity Per 100g - Total - NIP\",\"Value\":\"22.80g\",\"Description\":\"Carbohydrate Quantity Per 100g - Total - NIP\",\"SortOrder\":83},{\"Id\":706,\"Name\":\"Carbohydrate Quantity Per Serve - Total - NIP\",\"Value\":\"22.80g\",\"Description\":\"Carbohydrate Quantity Per Serve - Total - NIP\",\"SortOrder\":87},{\"Id\":714,\"Name\":\"Cholesterol Quantity Per 100g - Total - NIP\",\"Value\":\"<3mg\",\"Description\":\"Cholesterol Quantity Per 100g - Total - NIP\",\"SortOrder\":111},{\"Id\":125,\"Name\":\"Cholesterol Quantity Per Serve - Total - NIP\",\"Value\":\"<3mg\",\"Description\":\"Cholesterol Quantity Per Serve - Total - NIP\",\"SortOrder\":115},{\"Id\":191,\"Name\":\"Dietary Fibre Quantity Per 100g - Total - NIP\",\"Value\":\"2.3g\",\"Description\":\"Dietary Fibre Quantity Per 100g - Total - NIP\",\"SortOrder\":175},{\"Id\":120,\"Name\":\"Dietary Fibre Quantity Per Serve - Total - NIP\",\"Value\":\"2.3g\",\"Description\":\"Dietary Fibre Quantity Per Serve - Total - NIP\",\"SortOrder\":179},{\"Id\":759,\"Name\":\"Energy kJ Quantity Per 100g - Total - NIP\",\"Value\":\"677.00kJ\",\"Description\":\"Energy kJ Quantity Per 100g - Total - NIP\",\"SortOrder\":239},{\"Id\":760,\"Name\":\"Energy kJ Quantity Per Serve - Total - NIP\",\"Value\":\"677.00kJ\",\"Description\":\"Energy kJ Quantity Per Serve - Total - NIP\",\"SortOrder\":243},{\"Id\":253,\"Name\":\"Fat Saturated Quantity Per 100g - Total - NIP\",\"Value\":\"0.50g\",\"Description\":\"Fat Saturated Quantity Per 100g - Total - NIP\",\"SortOrder\":251},{\"Id\":258,\"Name\":\"Fat Saturated Quantity Per Serve - Total - NIP\",\"Value\":\"0.50g\",\"Description\":\"Fat Saturated Quantity Per Serve - Total - NIP\",\"SortOrder\":255},{\"Id\":764,\"Name\":\"Fat Total Quantity Per 100g - Total - NIP\",\"Value\":\"5.90g\",\"Description\":\"Fat Total Quantity Per 100g - Total - NIP\",\"SortOrder\":263},{\"Id\":166,\"Name\":\"Fat Total Quantity Per 100g - ValueWord - NIP\",\"Value\":\"5.90\",\"Description\":\"Fat Total Quantity Per 100g - ValueWord - NIP\",\"SortOrder\":264},{\"Id\":264,\"Name\":\"Fat Total Quantity Per Serve - Total - NIP\",\"Value\":\"5.90g\",\"Description\":\"Fat Total Quantity Per Serve - Total - NIP\",\"SortOrder\":267},{\"Id\":878,\"Name\":\"Protein Quantity Per 100g - Total - NIP\",\"Value\":\"3.10g\",\"Description\":\"Protein Quantity Per 100g - Total - NIP\",\"SortOrder\":587},{\"Id\":882,\"Name\":\"Protein Quantity Per Serve - Total - NIP\",\"Value\":\"3.10g\",\"Description\":\"Protein Quantity Per Serve - Total - NIP\",\"SortOrder\":591},{\"Id\":477,\"Name\":\"Serving Size - Total - NIP\",\"Value\":\"100.00g\",\"Description\":\"Serving Size - Total - NIP\",\"SortOrder\":607},{\"Id\":544,\"Name\":\"Servings Per Pack - Total - NIP\",\"Value\":\"9.00\",\"Description\":\"Servings Per Pack - Total - NIP\",\"SortOrder\":611},{\"Id\":491,\"Name\":\"Sodium Quantity Per 100g - Total - NIP\",\"Value\":\"34.00mg\",\"Description\":\"Sodium Quantity Per 100g - Total - NIP\",\"SortOrder\":623},{\"Id\":495,\"Name\":\"Sodium Quantity Per Serve - Total - NIP\",\"Value\":\"34.00mg\",\"Description\":\"Sodium Quantity Per Serve - Total - NIP\",\"SortOrder\":627},{\"Id\":907,\"Name\":\"Sugars Quantity Per 100g - Prefix - NIP\",\"Value\":\"Approx.\",\"Description\":\"Sugars Quantity Per 100g - Prefix - NIP\",\"SortOrder\":645},{\"Id\":908,\"Name\":\"Sugars Quantity Per 100g - SuffixUnits - NIP\",\"Value\":\"g\",\"Description\":\"Sugars Quantity Per 100g - SuffixUnits - NIP\",\"SortOrder\":646},{\"Id\":909,\"Name\":\"Sugars Quantity Per 100g - Total - NIP\",\"Value\":\"0.20g\",\"Description\":\"Sugars Quantity Per 100g - Total - NIP\",\"SortOrder\":647},{\"Id\":910,\"Name\":\"Sugars Quantity Per 100g - ValueWord - NIP\",\"Value\":\"0.20\",\"Description\":\"Sugars Quantity Per 100g - ValueWord - NIP\",\"SortOrder\":648},{\"Id\":504,\"Name\":\"Sugars Quantity Per Serve - Prefix - NIP\",\"Value\":\"Approx.\",\"Description\":\"Sugars Quantity Per Serve - Prefix - NIP\",\"SortOrder\":649},{\"Id\":911,\"Name\":\"Sugars Quantity Per Serve - SuffixUnits - NIP\",\"Value\":\"g\",\"Description\":\"Sugars Quantity Per Serve - SuffixUnits - NIP\",\"SortOrder\":650},{\"Id\":912,\"Name\":\"Sugars Quantity Per Serve - Total - NIP\",\"Value\":\"0.20g\",\"Description\":\"Sugars Quantity Per Serve - Total - NIP\",\"SortOrder\":651},{\"Id\":572,\"Name\":\"Sugars Quantity Per Serve - ValueWord - NIP\",\"Value\":\"0.20\",\"Description\":\"Sugars Quantity Per Serve - ValueWord - NIP\",\"SortOrder\":652},{\"Id\":593,\"Name\":\"Trans Quantity Per 100g - Total - NIP\",\"Value\":\"<0.1g\",\"Description\":\"Trans Quantity Per 100g - Total - NIP\",\"SortOrder\":667},{\"Id\":510,\"Name\":\"Trans Quantity Per Serve - Total - NIP\",\"Value\":\"<0.1g\",\"Description\":\"Trans Quantity Per Serve - Total - NIP\",\"SortOrder\":671}]}",
            "ovencook": "False",
            "vegetarian": "False",
            "hypo-allergenic": null,
            "timer": null,
            "dermatologistrecommended": null,
            "sapdepartmentno": "5",
            "allergencontains": null,
            "waterresistant": null,
            "friendlydisclaimer": null,
            "recyclableinformation": null,
            "usageinstructions": null,
            "freezable": "False"
          },
          "DetailsImagePaths": [
            "https://cdn0.woolworths.media/content/wowproductimages/large/662937.jpg"
          ],
          "Variety": null,
          "Rating": {
            "ReviewCount": 169,
            "RatingCount": 169,
            "RatingSum": 773,
            "OneStarCount": 3,
            "TwoStarCount": 3,
            "ThreeStarCount": 13,
            "FourStarCount": 25,
            "FiveStarCount": 125,
            "Average": 4.57396449704142,
            "OneStarPercentage": 1.77514792899408,
            "TwoStarPercentage": 1.77514792899408,
            "ThreeStarPercentage": 7.69230769230769,
            "FourStarPercentage": 14.792899408284,
            "FiveStarPercentage": 73.9644970414201
          },
          "HasProductSubs": false,
          "IsSponsoredAd": false,
          "AdID": null,
          "AdIndex": null,
          "IsMarketProduct": false,
          "IsGiftable": false,
          "Vendor": null,
          "Untraceable": false,
          "ThirdPartyProductInfo": null,
          "MarketFeatures": null,
          "MarketSpecifications": null,
          "SupplyLimitSource": "StockQuantity",
          "Tags": [
            {
              "Content": {
                "Type": "Label",
                "Position": "Top",
                "Attributes": {
                  "Text": "LOW PRICE",
                  "Promotion": "LowPrice",
                  "BackgroundColor": "#c20016",
                  "BorderColor": "#c20016",
                  "TextColor": "#fff"
                }
              },
              "TemplateId": null,
              "Metadata": null
            }
          ],
          "IsPersonalisedByPurchaseHistory": false,
          "IsFromFacetedSearch": false,
          "NextAvailabilityDate": null,
          "NumberOfSubstitutes": 0,
          "IsPrimaryVariant": false,
          "VariantGroupId": 0,
          "HasVariants": false,
          "VariantTitle": null,
          "IsTobacco": false
        }
      ],
      "Name": "Mccain Superfries Shoestring",
      "DisplayName": "Mccain Superfries Shoestring 900g"
    },
    {
      "Products": [
        {
          "TileID": 0,
          "Stockcode": 228739,
          "Barcode": "9300657783884",
          "GtinFormat": 13,
          "CupPrice": 10,
          "InstoreCupPrice": 10,
          "CupMeasure": "1KG",
          "CupString": "$10.00 / 1KG",
          "InstoreCupString": "$10.00 / 1KG",
          "HasCupPrice": true,
          "InstoreHasCupPrice": true,
          "Price": 4.5,
          "InstorePrice": 4.5,
          "Name": "Heinz Steam Fresh Vegetables Frozen Veg Broccoli, Carrots & Peas",
          "DisplayName": "Heinz Steam Fresh Vegetables Frozen Veg Broccoli, Carrots & Peas 450g",
          "UrlFriendlyName": "heinz-steam-fresh-vegetables-frozen-veg-broccoli-carrots-peas",
          "Description": " Heinz Steam Fresh Vegetables<br>Frozen Veg... 450G",
          "SmallImageFile": "https://cdn0.woolworths.media/content/wowproductimages/small/228739.jpg",
          "MediumImageFile": "https://cdn0.woolworths.media/content/wowproductimages/medium/228739.jpg",
          "LargeImageFile": "https://cdn0.woolworths.media/content/wowproductimages/large/228739.jpg",
          "IsNew": false,
          "IsHalfPrice": false,
          "IsOnlineOnly": false,
          "IsOnSpecial": false,
          "InstoreIsOnSpecial": false,
          "IsEdrSpecial": false,
          "SavingsAmount": 0,
          "InstoreSavingsAmount": 0,
          "WasPrice": 4.5,
          "InstoreWasPrice": 4.5,
          "QuantityInTrolley": 0,
          "Unit": "Each",
          "MinimumQuantity": 1,
          "HasBeenBoughtBefore": false,
          "IsInTrolley": false,
          "Source": "Aisle.Freezer",
          "SupplyLimit": 28,
          "ProductLimit": 50,
          "MaxSupplyLimitMessage": "28 item(s) left",
          "IsRanged": true,
          "IsInStock": true,
          "PackageSize": "450G",
          "IsPmDelivery": true,
          "IsForCollection": true,
          "IsForDelivery": true,
          "IsForExpress": true,
          "ProductRestrictionMessage": null,
          "ProductWarningMessage": null,
          "CentreTag": {
            "TagContent": null,
            "TagLink": null,
            "FallbackText": null,
            "TagType": "None",
            "MultibuyData": null,
            "TagContentText": null,
            "DualImageTagContent": null,
            "PromotionType": "NOT_SET",
            "IsRegisteredRewardCardPromotion": false
          },
          "IsCentreTag": false,
          "ImageTag": {
            "TagContent": "/content/promotiontags/boost-to-collect-10x-points-roundel.png",
            "TagLink": null,
            "FallbackText": "Boost to collect 10x points*",
            "TagType": "None",
            "MultibuyData": null,
            "TagContentText": null,
            "DualImageTagContent": null,
            "PromotionType": "NOT_SET",
            "IsRegisteredRewardCardPromotion": false
          },
          "HeaderTag": null,
          "HasHeaderTag": false,
          "UnitWeightInGrams": 0,
          "SupplyLimitMessage": "'Heinz Steam Fresh Vegetables Frozen Veg Broccoli, Carrots & Peas' has a supply limit of 28. The quantity in your cart has been reduced accordingly. To purchase a larger quantity, please contact us on 1800 000 610. Please note we do not supply trade orders.",
          "SmallFormatDescription": "Heinz Steam Fresh Vegetables Frozen Veg Broccoli, Carrots & Peas",
          "FullDescription": "Heinz Steam Fresh Vegetables Frozen Veg Broccoli, Carrots & Peas",
          "IsAvailable": true,
          "InstoreIsAvailable": true,
          "IsPurchasable": true,
          "InstoreIsPurchasable": true,
          "AgeRestricted": false,
          "DisplayQuantity": 1,
          "RichDescription": null,
          "HideWasSavedPrice": false,
          "SapCategories": null,
          "Brand": "Heinz",
          "IsRestrictedByDeliveryMethod": false,
          "FooterTag": {
            "TagContent": null,
            "TagLink": null,
            "FallbackText": null,
            "TagType": "None",
            "MultibuyData": null,
            "TagContentText": null,
            "DualImageTagContent": null,
            "PromotionType": "NOT_SET",
            "IsRegisteredRewardCardPromotion": false
          },
          "IsFooterEnabled": true,
          "Diagnostics": "10",
          "IsBundle": false,
          "IsInFamily": false,
          "ChildProducts": null,
          "UrlOverride": null,
          "AdditionalAttributes": {
            "boxedcontents": null,
            "addedvitaminsandminerals": "False",
            "sapdepartmentname": "GROCERIES",
            "spf": null,
            "haircolour": null,
            "lifestyleanddietarystatement": "Gluten Free",
            "sapcategoryname": "FROZEN MEALS",
            "skintype": null,
            "importantinformation": null,
            "allergystatement": "Wheat Free",
            "productdepthmm": null,
            "skincondition": null,
            "ophthalmologistapproved": null,
            "healthstarrating": "5",
            "hairtype": null,
            "fragrance-free": null,
            "sapsegmentname": "VALUE ADDED - STEAM",
            "suitablefor": null,
            "PiesProductDepartmentsjson": "[{\"Id\":\"1_ACA2FC2\",\"Description\":\"Freezer\"}]",
            "piessubcategorynamesjson": "[\"Mixed Vegetables\",\"Steam Packs\",\"Gluten Free\"]",
            "sapsegmentno": "19",
            "productwidthmm": null,
            "contains": null,
            "sapsubcategoryname": "FREEZER - VEGETABLES",
            "dermatologisttested": null,
            "wool_productpackaging": null,
            "dermatologicallyapproved": null,
            "specialsgroupid": null,
            "productimages": "228739.jpg,228739_2.jpg",
            "productheightmm": null,
            "r&r_hidereviews": null,
            "microwavesafe": "False",
            "paba-free": null,
            "lifestyleclaim": null,
            "alcoholfree": null,
            "tgawarning": null,
            "activeconstituents": null,
            "microwaveable": "False",
            "soap-free": null,
            "countryoforigin": null,
            "isexcludedfromsubstitution": "False",
            "productimagecount": "2",
            "r&r_loggedinreviews": null,
            "anti-dandruff": null,
            "servingsize-total-nip": null,
            "tgahealthwarninglink": null,
            "allergenmaybepresent": null,
            "PiesProductDepartmentNodeId": "1_ACA2FC2",
            "parabenfree": "False",
            "vendorarticleid": null,
            "containsgluten": "False",
            "containsnuts": "False",
            "ingredients": "Broccoli, Carrots, Sugarsnap Peas.",
            "colour": null,
            "manufacturer": null,
            "sapcategoryno": "97",
            "storageinstructions": "Keep frozen. Store at -18C or colder.Do not thaw before cooking. Do not refreeze once thawed.",
            "tgawarnings": null,
            "piesdepartmentnamesjson": "[\"Freezer\"]",
            "brand": "heinz",
            "oilfree": null,
            "fragrance": null,
            "antibacterial": "False",
            "non-comedogenic": null,
            "antiseptic": "False",
            "bpafree": "False",
            "vendorcostprice": null,
            "description": "<p><span style=\"font-size: 16px; color: rgb(34, 34, 34);\">Get some vegetables on your plate with Heinz Steam Fresh® Broccoli, Carrots & Sugarsnap Peas. These veggies have been picked at their peak, frozen and sealed in individual steamer bags for locked in flavour.</span></p>",
            "sweatresistant": null,
            "sapsubcategoryno": "103",
            "claims": null,
            "antioxidant": "False",
            "phbalanced": null,
            "wool_dietaryclaim": null,
            "ophthalmologisttested": null,
            "sulfatefree": "False",
            "servingsperpack-total-nip": null,
            "piescategorynamesjson": "[\"Frozen Vegetables\",\"Frozen Gluten Free\"]",
            "nutritionalinformation": "{\"Name\":\"Nutritional Information\",\"Attributes\":[{\"Id\":702,\"Name\":\"Calcium Quantity Per 100g - Total - NIP\",\"Value\":\"26mg\",\"Description\":\"Calcium Quantity Per 100g - Total - NIP\",\"SortOrder\":71},{\"Id\":47,\"Name\":\"Calcium Quantity Per Serve - Total - NIP\",\"Value\":\"19.5mg\",\"Description\":\"Calcium Quantity Per Serve - Total - NIP\",\"SortOrder\":75},{\"Id\":705,\"Name\":\"Carbohydrate Quantity Per 100g - Total - NIP\",\"Value\":\"3.50g\",\"Description\":\"Carbohydrate Quantity Per 100g - Total - NIP\",\"SortOrder\":83},{\"Id\":706,\"Name\":\"Carbohydrate Quantity Per Serve - Total - NIP\",\"Value\":\"2.60g\",\"Description\":\"Carbohydrate Quantity Per Serve - Total - NIP\",\"SortOrder\":87},{\"Id\":191,\"Name\":\"Dietary Fibre Quantity Per 100g - Total - NIP\",\"Value\":\"3.10g\",\"Description\":\"Dietary Fibre Quantity Per 100g - Total - NIP\",\"SortOrder\":175},{\"Id\":120,\"Name\":\"Dietary Fibre Quantity Per Serve - Total - NIP\",\"Value\":\"2.30g\",\"Description\":\"Dietary Fibre Quantity Per Serve - Total - NIP\",\"SortOrder\":179},{\"Id\":759,\"Name\":\"Energy kJ Quantity Per 100g - Total - NIP\",\"Value\":\"140.00kJ\",\"Description\":\"Energy kJ Quantity Per 100g - Total - NIP\",\"SortOrder\":239},{\"Id\":760,\"Name\":\"Energy kJ Quantity Per Serve - Total - NIP\",\"Value\":\"105.00kJ\",\"Description\":\"Energy kJ Quantity Per Serve - Total - NIP\",\"SortOrder\":243},{\"Id\":253,\"Name\":\"Fat Saturated Quantity Per 100g - Total - NIP\",\"Value\":\"0.00g\",\"Description\":\"Fat Saturated Quantity Per 100g - Total - NIP\",\"SortOrder\":251},{\"Id\":258,\"Name\":\"Fat Saturated Quantity Per Serve - Total - NIP\",\"Value\":\"0.00g\",\"Description\":\"Fat Saturated Quantity Per Serve - Total - NIP\",\"SortOrder\":255},{\"Id\":764,\"Name\":\"Fat Total Quantity Per 100g - Total - NIP\",\"Value\":\"0.20g\",\"Description\":\"Fat Total Quantity Per 100g - Total - NIP\",\"SortOrder\":263},{\"Id\":166,\"Name\":\"Fat Total Quantity Per 100g - ValueWord - NIP\",\"Value\":\"0.20\",\"Description\":\"Fat Total Quantity Per 100g - ValueWord - NIP\",\"SortOrder\":264},{\"Id\":264,\"Name\":\"Fat Total Quantity Per Serve - Total - NIP\",\"Value\":\"0.20g\",\"Description\":\"Fat Total Quantity Per Serve - Total - NIP\",\"SortOrder\":267},{\"Id\":402,\"Name\":\"Monounsaturated Quantity Per 100g - Total - NIP\",\"Value\":\"0.02g\",\"Description\":\"Monounsaturated Quantity Per 100g - Total - NIP\",\"SortOrder\":479},{\"Id\":834,\"Name\":\"Monounsaturated Quantity Per Serve - Total - NIP\",\"Value\":\"0.02g\",\"Description\":\"Monounsaturated Quantity Per Serve - Total - NIP\",\"SortOrder\":483},{\"Id\":434,\"Name\":\"Polyunsaturated Quantity Per 100g - Total - NIP\",\"Value\":\"0.04g\",\"Description\":\"Polyunsaturated Quantity Per 100g - Total - NIP\",\"SortOrder\":563},{\"Id\":435,\"Name\":\"Polyunsaturated Quantity Per Serve - Total - NIP\",\"Value\":\"0.03g\",\"Description\":\"Polyunsaturated Quantity Per Serve - Total - NIP\",\"SortOrder\":567},{\"Id\":443,\"Name\":\"Potassium Quantity Per 100g - Total - NIP\",\"Value\":\"259mg\",\"Description\":\"Potassium Quantity Per 100g - Total - NIP\",\"SortOrder\":575},{\"Id\":493,\"Name\":\"Potassium Quantity Per Serve - Total - NIP\",\"Value\":\"194.25mg\",\"Description\":\"Potassium Quantity Per Serve - Total - NIP\",\"SortOrder\":579},{\"Id\":878,\"Name\":\"Protein Quantity Per 100g - Total - NIP\",\"Value\":\"2.80g\",\"Description\":\"Protein Quantity Per 100g - Total - NIP\",\"SortOrder\":587},{\"Id\":882,\"Name\":\"Protein Quantity Per Serve - Total - NIP\",\"Value\":\"2.10g\",\"Description\":\"Protein Quantity Per Serve - Total - NIP\",\"SortOrder\":591},{\"Id\":477,\"Name\":\"Serving Size - Total - NIP\",\"Value\":\"75.00g\",\"Description\":\"Serving Size - Total - NIP\",\"SortOrder\":607},{\"Id\":544,\"Name\":\"Servings Per Pack - Total - NIP\",\"Value\":\"6.00\",\"Description\":\"Servings Per Pack - Total - NIP\",\"SortOrder\":611},{\"Id\":491,\"Name\":\"Sodium Quantity Per 100g - Total - NIP\",\"Value\":\"23.00mg\",\"Description\":\"Sodium Quantity Per 100g - Total - NIP\",\"SortOrder\":623},{\"Id\":495,\"Name\":\"Sodium Quantity Per Serve - Total - NIP\",\"Value\":\"17.00mg\",\"Description\":\"Sodium Quantity Per Serve - Total - NIP\",\"SortOrder\":627},{\"Id\":907,\"Name\":\"Sugars Quantity Per 100g - Prefix - NIP\",\"Value\":null,\"Description\":\"Sugars Quantity Per 100g - Prefix - NIP\",\"SortOrder\":645},{\"Id\":908,\"Name\":\"Sugars Quantity Per 100g - SuffixUnits - NIP\",\"Value\":\"g\",\"Description\":\"Sugars Quantity Per 100g - SuffixUnits - NIP\",\"SortOrder\":646},{\"Id\":909,\"Name\":\"Sugars Quantity Per 100g - Total - NIP\",\"Value\":\"2.80g\",\"Description\":\"Sugars Quantity Per 100g - Total - NIP\",\"SortOrder\":647},{\"Id\":910,\"Name\":\"Sugars Quantity Per 100g - ValueWord - NIP\",\"Value\":\"2.80\",\"Description\":\"Sugars Quantity Per 100g - ValueWord - NIP\",\"SortOrder\":648},{\"Id\":504,\"Name\":\"Sugars Quantity Per Serve - Prefix - NIP\",\"Value\":null,\"Description\":\"Sugars Quantity Per Serve - Prefix - NIP\",\"SortOrder\":649},{\"Id\":911,\"Name\":\"Sugars Quantity Per Serve - SuffixUnits - NIP\",\"Value\":\"g\",\"Description\":\"Sugars Quantity Per Serve - SuffixUnits - NIP\",\"SortOrder\":650},{\"Id\":912,\"Name\":\"Sugars Quantity Per Serve - Total - NIP\",\"Value\":\"2.10g\",\"Description\":\"Sugars Quantity Per Serve - Total - NIP\",\"SortOrder\":651},{\"Id\":572,\"Name\":\"Sugars Quantity Per Serve - ValueWord - NIP\",\"Value\":\"2.10\",\"Description\":\"Sugars Quantity Per Serve - ValueWord - NIP\",\"SortOrder\":652},{\"Id\":593,\"Name\":\"Trans Quantity Per 100g - Total - NIP\",\"Value\":\"0.06mg\",\"Description\":\"Trans Quantity Per 100g - Total - NIP\",\"SortOrder\":667},{\"Id\":510,\"Name\":\"Trans Quantity Per Serve - Total - NIP\",\"Value\":\"0.05mg\",\"Description\":\"Trans Quantity Per Serve - Total - NIP\",\"SortOrder\":671}]}",
            "ovencook": "False",
            "vegetarian": "False",
            "hypo-allergenic": null,
            "timer": null,
            "dermatologistrecommended": null,
            "sapdepartmentno": "5",
            "allergencontains": null,
            "waterresistant": null,
            "friendlydisclaimer": null,
            "recyclableinformation": null,
            "usageinstructions": null,
            "freezable": "False"
          },
          "DetailsImagePaths": [
            "https://cdn0.woolworths.media/content/wowproductimages/large/228739.jpg"
          ],
          "Variety": "Veg Broccoli, Carrots & Peas",
          "Rating": {
            "ReviewCount": 71,
            "RatingCount": 71,
            "RatingSum": 319,
            "OneStarCount": 1,
            "TwoStarCount": 4,
            "ThreeStarCount": 4,
            "FourStarCount": 12,
            "FiveStarCount": 50,
            "Average": 4.49295774647887,
            "OneStarPercentage": 1.40845070422535,
            "TwoStarPercentage": 5.63380281690141,
            "ThreeStarPercentage": 5.63380281690141,
            "FourStarPercentage": 16.9014084507042,
            "FiveStarPercentage": 70.4225352112676
          },
          "HasProductSubs": false,
          "IsSponsoredAd": false,
          "AdID": null,
          "AdIndex": null,
          "IsMarketProduct": false,
          "IsGiftable": false,
          "Vendor": null,
          "Untraceable": false,
          "ThirdPartyProductInfo": null,
          "MarketFeatures": null,
          "MarketSpecifications": null,
          "SupplyLimitSource": "StockQuantity",
          "Tags": [
            {
              "Content": {
                "Type": "Roundel",
                "Position": "Top",
                "Attributes": {
                  "ImagePath": "/content/promotiontags/boost-to-collect-10x-points-roundel.png",
                  "FallbackText": "Boost to collect 10x points*"
                }
              },
              "TemplateId": null,
              "Metadata": null
            }
          ],
          "IsPersonalisedByPurchaseHistory": false,
          "IsFromFacetedSearch": false,
          "NextAvailabilityDate": null,
          "NumberOfSubstitutes": 0,
          "IsPrimaryVariant": false,
          "VariantGroupId": 0,
          "HasVariants": false,
          "VariantTitle": null,
          "IsTobacco": false
        }
      ],
      "Name": "Heinz Steam Fresh Vegetables Frozen Veg Broccoli, Carrots & Peas",
      "DisplayName": "Heinz Steam Fresh Vegetables Frozen Veg Broccoli, Carrots & Peas 450g"
    },
    {
      "Products": [
        {
          "TileID": 0,
          "Stockcode": 96698,
          "Barcode": "9300633966980",
          "GtinFormat": 13,
          "CupPrice": null,
          "InstoreCupPrice": null,
          "CupMeasure": "1KG",
          "CupString": "",
          "InstoreCupString": "",
          "HasCupPrice": false,
          "InstoreHasCupPrice": false,
          "Price": null,
          "InstorePrice": null,
          "Name": "Essentials Frozen Straight Cut Potato Chips",
          "DisplayName": "Essentials Frozen Straight Cut Potato Chips 1kg",
          "UrlFriendlyName": "essentials-frozen-straight-cut-potato-chips",
          "Description": " Essentials Frozen Straight<br>Cut Potato Chips 1Kg",
          "SmallImageFile": "https://cdn0.woolworths.media/content/wowproductimages/small/096698.jpg",
          "MediumImageFile": "https://cdn0.woolworths.media/content/wowproductimages/medium/096698.jpg",
          "LargeImageFile": "https://cdn0.woolworths.media/content/wowproductimages/large/096698.jpg",
          "IsNew": false,
          "IsHalfPrice": false,
          "IsOnlineOnly": false,
          "IsOnSpecial": false,
          "InstoreIsOnSpecial": false,
          "IsEdrSpecial": false,
          "SavingsAmount": null,
          "InstoreSavingsAmount": null,
          "WasPrice": 3.7,
          "InstoreWasPrice": 3.7,
          "QuantityInTrolley": 0,
          "Unit": "Each",
          "MinimumQuantity": 1,
          "HasBeenBoughtBefore": false,
          "IsInTrolley": false,
          "Source": "Aisle.Freezer",
          "SupplyLimit": 50,
          "ProductLimit": 50,
          "MaxSupplyLimitMessage": "50 item limit",
          "IsRanged": true,
          "IsInStock": false,
          "PackageSize": "1Kg",
          "IsPmDelivery": true,
          "IsForCollection": true,
          "IsForDelivery": true,
          "IsForExpress": true,
          "ProductRestrictionMessage": null,
          "ProductWarningMessage": null,
          "CentreTag": {
            "TagContent": null,
            "TagLink": null,
            "FallbackText": null,
            "TagType": "None",
            "MultibuyData": null,
            "TagContentText": null,
            "DualImageTagContent": null,
            "PromotionType": "NOT_SET",
            "IsRegisteredRewardCardPromotion": false
          },
          "IsCentreTag": false,
          "ImageTag": {
            "TagContent": null,
            "TagLink": null,
            "FallbackText": null,
            "TagType": "None",
            "MultibuyData": null,
            "TagContentText": null,
            "DualImageTagContent": null,
            "PromotionType": "NOT_SET",
            "IsRegisteredRewardCardPromotion": false
          },
          "HeaderTag": null,
          "HasHeaderTag": false,
          "UnitWeightInGrams": 0,
          "SupplyLimitMessage": "'Essentials Frozen Straight Cut Potato Chips' has a supply limit of 50. The quantity in your cart has been reduced accordingly. To purchase a larger quantity, please contact us on 1800 000 610. Please note we do not supply trade orders.",
          "SmallFormatDescription": "Essentials Frozen Straight Cut Potato Chips",
          "FullDescription": "Essentials Frozen Straight Cut Potato Chips",
          "IsAvailable": false,
          "InstoreIsAvailable": false,
          "IsPurchasable": false,
          "InstoreIsPurchasable": false,
          "AgeRestricted": false,
          "DisplayQuantity": 1,
          "RichDescription": null,
          "HideWasSavedPrice": true,
          "SapCategories": null,
          "Brand": "Essentials",
          "IsRestrictedByDeliveryMethod": false,
          "FooterTag": {
            "TagContent": null,
            "TagLink": null,
            "FallbackText": null,
            "TagType": "None",
            "MultibuyData": null,
            "TagContentText": null,
            "DualImageTagContent": null,
            "PromotionType": "NOT_SET",
            "IsRegisteredRewardCardPromotion": false
          },
          "IsFooterEnabled": true,
          "Diagnostics": "11",
          "IsBundle": false,
          "IsInFamily": false,
          "ChildProducts": null,
          "UrlOverride": null,
          "AdditionalAttributes": {
            "boxedcontents": null,
            "addedvitaminsandminerals": "False",
            "sapdepartmentname": "GROCERIES",
            "spf": null,
            "haircolour": null,
            "lifestyleanddietarystatement": "Low Fat",
            "sapcategoryname": "FREEZER - VEGETABLES",
            "skintype": null,
            "importantinformation": null,
            "allergystatement": "Wheat Free",
            "productdepthmm": null,
            "skincondition": null,
            "ophthalmologistapproved": null,
            "healthstarrating": "4.5",
            "hairtype": null,
            "fragrance-free": null,
            "sapsegmentname": "POTATO CHIPS - (PLAIN CHIPS)",
            "suitablefor": "Vegetarian",
            "PiesProductDepartmentsjson": "[{\"Id\":\"1_ACA2FC2\",\"Description\":\"Freezer\"}]",
            "piessubcategorynamesjson": "[\"Gluten Free\",\"Chips\"]",
            "sapsegmentno": "28",
            "productwidthmm": null,
            "contains": null,
            "sapsubcategoryname": "FREEZER - POTATO",
            "dermatologisttested": null,
            "wool_productpackaging": null,
            "dermatologicallyapproved": null,
            "specialsgroupid": null,
            "productimages": "96698.jpg,96698_2.jpg",
            "productheightmm": null,
            "r&r_hidereviews": null,
            "microwavesafe": "False",
            "paba-free": null,
            "lifestyleclaim": "Vegetarian",
            "alcoholfree": null,
            "tgawarning": null,
            "activeconstituents": null,
            "microwaveable": "False",
            "soap-free": null,
            "countryoforigin": null,
            "isexcludedfromsubstitution": "False",
            "productimagecount": "2",
            "r&r_loggedinreviews": null,
            "anti-dandruff": null,
            "servingsize-total-nip": null,
            "tgahealthwarninglink": null,
            "allergenmaybepresent": null,
            "PiesProductDepartmentNodeId": "1_ACA2FC2",
            "parabenfree": "False",
            "vendorarticleid": null,
            "containsgluten": "False",
            "containsnuts": "False",
            "ingredients": "Potato (96%), Sunflower Oil (4%)",
            "colour": null,
            "manufacturer": null,
            "sapcategoryno": "95",
            "storageinstructions": "Keep Frozen",
            "tgawarnings": null,
            "piesdepartmentnamesjson": "[\"Freezer\"]",
            "brand": "essentials",
            "oilfree": null,
            "fragrance": null,
            "antibacterial": "False",
            "non-comedogenic": null,
            "antiseptic": "False",
            "bpafree": "False",
            "vendorcostprice": null,
            "description": "Woolworths Homebrand Straight Cut Potato Chips",
            "sweatresistant": null,
            "sapsubcategoryno": "67",
            "claims": null,
            "antioxidant": "False",
            "phbalanced": null,
            "wool_dietaryclaim": null,
            "ophthalmologisttested": null,
            "sulfatefree": "False",
            "servingsperpack-total-nip": null,
            "piescategorynamesjson": "[\"Frozen Gluten Free\",\"Chips & Wedges\"]",
            "nutritionalinformation": "{\"Name\":\"Nutritional Information\",\"Attributes\":[{\"Id\":702,\"Name\":\"Calcium Quantity Per 100g - Total - NIP\",\"Value\":\"8mg\",\"Description\":\"Calcium Quantity Per 100g - Total - NIP\",\"SortOrder\":71},{\"Id\":47,\"Name\":\"Calcium Quantity Per Serve - Total - NIP\",\"Value\":\"10mg\",\"Description\":\"Calcium Quantity Per Serve - Total - NIP\",\"SortOrder\":75},{\"Id\":705,\"Name\":\"Carbohydrate Quantity Per 100g - Total - NIP\",\"Value\":\"23.80g\",\"Description\":\"Carbohydrate Quantity Per 100g - Total - NIP\",\"SortOrder\":83},{\"Id\":706,\"Name\":\"Carbohydrate Quantity Per Serve - Total - NIP\",\"Value\":\"23.80g\",\"Description\":\"Carbohydrate Quantity Per Serve - Total - NIP\",\"SortOrder\":87},{\"Id\":191,\"Name\":\"Dietary Fibre Quantity Per 100g - Total - NIP\",\"Value\":\"2.20g\",\"Description\":\"Dietary Fibre Quantity Per 100g - Total - NIP\",\"SortOrder\":175},{\"Id\":120,\"Name\":\"Dietary Fibre Quantity Per Serve - Total - NIP\",\"Value\":\"2.20g\",\"Description\":\"Dietary Fibre Quantity Per Serve - Total - NIP\",\"SortOrder\":179},{\"Id\":759,\"Name\":\"Energy kJ Quantity Per 100g - Total - NIP\",\"Value\":\"576.00kJ\",\"Description\":\"Energy kJ Quantity Per 100g - Total - NIP\",\"SortOrder\":239},{\"Id\":760,\"Name\":\"Energy kJ Quantity Per Serve - Total - NIP\",\"Value\":\"576.00kJ\",\"Description\":\"Energy kJ Quantity Per Serve - Total - NIP\",\"SortOrder\":243},{\"Id\":253,\"Name\":\"Fat Saturated Quantity Per 100g - Total - NIP\",\"Value\":\"1.00g\",\"Description\":\"Fat Saturated Quantity Per 100g - Total - NIP\",\"SortOrder\":251},{\"Id\":258,\"Name\":\"Fat Saturated Quantity Per Serve - Total - NIP\",\"Value\":\"1.00g\",\"Description\":\"Fat Saturated Quantity Per Serve - Total - NIP\",\"SortOrder\":255},{\"Id\":764,\"Name\":\"Fat Total Quantity Per 100g - Total - NIP\",\"Value\":\"3.00g\",\"Description\":\"Fat Total Quantity Per 100g - Total - NIP\",\"SortOrder\":263},{\"Id\":166,\"Name\":\"Fat Total Quantity Per 100g - ValueWord - NIP\",\"Value\":\"3.00\",\"Description\":\"Fat Total Quantity Per 100g - ValueWord - NIP\",\"SortOrder\":264},{\"Id\":264,\"Name\":\"Fat Total Quantity Per Serve - Total - NIP\",\"Value\":\"3.00g\",\"Description\":\"Fat Total Quantity Per Serve - Total - NIP\",\"SortOrder\":267},{\"Id\":402,\"Name\":\"Monounsaturated Quantity Per 100g - Total - NIP\",\"Value\":\"4.82g\",\"Description\":\"Monounsaturated Quantity Per 100g - Total - NIP\",\"SortOrder\":479},{\"Id\":834,\"Name\":\"Monounsaturated Quantity Per Serve - Total - NIP\",\"Value\":\"6.03g\",\"Description\":\"Monounsaturated Quantity Per Serve - Total - NIP\",\"SortOrder\":483},{\"Id\":434,\"Name\":\"Polyunsaturated Quantity Per 100g - Total - NIP\",\"Value\":\"2.3g\",\"Description\":\"Polyunsaturated Quantity Per 100g - Total - NIP\",\"SortOrder\":563},{\"Id\":435,\"Name\":\"Polyunsaturated Quantity Per Serve - Total - NIP\",\"Value\":\"2.88g\",\"Description\":\"Polyunsaturated Quantity Per Serve - Total - NIP\",\"SortOrder\":567},{\"Id\":443,\"Name\":\"Potassium Quantity Per 100g - Total - NIP\",\"Value\":\"491mg\",\"Description\":\"Potassium Quantity Per 100g - Total - NIP\",\"SortOrder\":575},{\"Id\":493,\"Name\":\"Potassium Quantity Per Serve - Total - NIP\",\"Value\":\"613.75mg\",\"Description\":\"Potassium Quantity Per Serve - Total - NIP\",\"SortOrder\":579},{\"Id\":878,\"Name\":\"Protein Quantity Per 100g - Total - NIP\",\"Value\":\"2.50g\",\"Description\":\"Protein Quantity Per 100g - Total - NIP\",\"SortOrder\":587},{\"Id\":882,\"Name\":\"Protein Quantity Per Serve - Total - NIP\",\"Value\":\"2.50g\",\"Description\":\"Protein Quantity Per Serve - Total - NIP\",\"SortOrder\":591},{\"Id\":477,\"Name\":\"Serving Size - Total - NIP\",\"Value\":\"100.00g\",\"Description\":\"Serving Size - Total - NIP\",\"SortOrder\":607},{\"Id\":544,\"Name\":\"Servings Per Pack - Total - NIP\",\"Value\":\"10.00\",\"Description\":\"Servings Per Pack - Total - NIP\",\"SortOrder\":611},{\"Id\":491,\"Name\":\"Sodium Quantity Per 100g - Total - NIP\",\"Value\":\"75.00mg\",\"Description\":\"Sodium Quantity Per 100g - Total - NIP\",\"SortOrder\":623},{\"Id\":495,\"Name\":\"Sodium Quantity Per Serve - Total - NIP\",\"Value\":\"75.00mg\",\"Description\":\"Sodium Quantity Per Serve - Total - NIP\",\"SortOrder\":627},{\"Id\":907,\"Name\":\"Sugars Quantity Per 100g - Prefix - NIP\",\"Value\":\"<\",\"Description\":\"Sugars Quantity Per 100g - Prefix - NIP\",\"SortOrder\":645},{\"Id\":908,\"Name\":\"Sugars Quantity Per 100g - SuffixUnits - NIP\",\"Value\":\"g\",\"Description\":\"Sugars Quantity Per 100g - SuffixUnits - NIP\",\"SortOrder\":646},{\"Id\":909,\"Name\":\"Sugars Quantity Per 100g - Total - NIP\",\"Value\":\"1.00g\",\"Description\":\"Sugars Quantity Per 100g - Total - NIP\",\"SortOrder\":647},{\"Id\":910,\"Name\":\"Sugars Quantity Per 100g - ValueWord - NIP\",\"Value\":\"1.00\",\"Description\":\"Sugars Quantity Per 100g - ValueWord - NIP\",\"SortOrder\":648},{\"Id\":504,\"Name\":\"Sugars Quantity Per Serve - Prefix - NIP\",\"Value\":\"<\",\"Description\":\"Sugars Quantity Per Serve - Prefix - NIP\",\"SortOrder\":649},{\"Id\":911,\"Name\":\"Sugars Quantity Per Serve - SuffixUnits - NIP\",\"Value\":\"g\",\"Description\":\"Sugars Quantity Per Serve - SuffixUnits - NIP\",\"SortOrder\":650},{\"Id\":912,\"Name\":\"Sugars Quantity Per Serve - Total - NIP\",\"Value\":\"1.00g\",\"Description\":\"Sugars Quantity Per Serve - Total - NIP\",\"SortOrder\":651},{\"Id\":572,\"Name\":\"Sugars Quantity Per Serve - ValueWord - NIP\",\"Value\":\"1.00\",\"Description\":\"Sugars Quantity Per Serve - ValueWord - NIP\",\"SortOrder\":652},{\"Id\":593,\"Name\":\"Trans Quantity Per 100g - Total - NIP\",\"Value\":\"<0.1g\",\"Description\":\"Trans Quantity Per 100g - Total - NIP\",\"SortOrder\":667},{\"Id\":510,\"Name\":\"Trans Quantity Per Serve - Total - NIP\",\"Value\":\"<0.1g\",\"Description\":\"Trans Quantity Per Serve - Total - NIP\",\"SortOrder\":671}]}",
            "ovencook": "False",
            "vegetarian": "False",
            "hypo-allergenic": null,
            "timer": null,
            "dermatologistrecommended": null,
            "sapdepartmentno": "5",
            "allergencontains": null,
            "waterresistant": null,
            "friendlydisclaimer": null,
            "recyclableinformation": null,
            "usageinstructions": null,
            "freezable": "False"
          },
          "DetailsImagePaths": [
            "https://cdn0.woolworths.media/content/wowproductimages/large/096698.jpg"
          ],
          "Variety": "Cut Potato Chips",
          "Rating": {
            "ReviewCount": 829,
            "RatingCount": 829,
            "RatingSum": 3256,
            "OneStarCount": 17,
            "TwoStarCount": 49,
            "ThreeStarCount": 162,
            "FourStarCount": 350,
            "FiveStarCount": 251,
            "Average": 3.92762364294331,
            "OneStarPercentage": 2.05066344993969,
            "TwoStarPercentage": 5.91073582629674,
            "ThreeStarPercentage": 19.5416164053076,
            "FourStarPercentage": 42.2195416164053,
            "FiveStarPercentage": 30.2774427020507
          },
          "HasProductSubs": false,
          "IsSponsoredAd": false,
          "AdID": null,
          "AdIndex": null,
          "IsMarketProduct": false,
          "IsGiftable": false,
          "Vendor": null,
          "Untraceable": false,
          "ThirdPartyProductInfo": null,
          "MarketFeatures": null,
          "MarketSpecifications": null,
          "SupplyLimitSource": "ProductLimit",
          "Tags": null,
          "IsPersonalisedByPurchaseHistory": false,
          "IsFromFacetedSearch": false,
          "NextAvailabilityDate": null,
          "NumberOfSubstitutes": 0,
          "IsPrimaryVariant": false,
          "VariantGroupId": 0,
          "HasVariants": false,
          "VariantTitle": null,
          "IsTobacco": false
        }
      ],
      "Name": "Essentials Frozen Straight Cut Potato Chips",
      "DisplayName": "Essentials Frozen Straight Cut Potato Chips 1kg"
    },
    {
      "Products": [
        {
          "TileID": 0,
          "Stockcode": 768622,
          "Barcode": "9310081431039",
          "GtinFormat": 13,
          "CupPrice": 6.47,
          "InstoreCupPrice": 6.47,
          "CupMeasure": "1KG",
          "CupString": "$6.47 / 1KG",
          "InstoreCupString": "$6.47 / 1KG",
          "HasCupPrice": true,
          "InstoreHasCupPrice": true,
          "Price": 5.5,
          "InstorePrice": 5.5,
          "Name": "Birds Eye Stir Fry Oriental",
          "DisplayName": "Birds Eye Stir Fry Oriental 850g",
          "UrlFriendlyName": "birds-eye-stir-fry-oriental",
          "Description": " Birds Eye Stir Fry Oriental 850G",
          "SmallImageFile": "https://cdn0.woolworths.media/content/wowproductimages/small/768622.jpg",
          "MediumImageFile": "https://cdn0.woolworths.media/content/wowproductimages/medium/768622.jpg",
          "LargeImageFile": "https://cdn0.woolworths.media/content/wowproductimages/large/768622.jpg",
          "IsNew": false,
          "IsHalfPrice": false,
          "IsOnlineOnly": false,
          "IsOnSpecial": false,
          "InstoreIsOnSpecial": false,
          "IsEdrSpecial": false,
          "SavingsAmount": 0,
          "InstoreSavingsAmount": 0,
          "WasPrice": 5.5,
          "InstoreWasPrice": 5.5,
          "QuantityInTrolley": 0,
          "Unit": "Each",
          "MinimumQuantity": 1,
          "HasBeenBoughtBefore": false,
          "IsInTrolley": false,
          "Source": "Aisle.Freezer",
          "SupplyLimit": 24,
          "ProductLimit": 50,
          "MaxSupplyLimitMessage": "24 item(s) left",
          "IsRanged": true,
          "IsInStock": true,
          "PackageSize": "850G",
          "IsPmDelivery": true,
          "IsForCollection": true,
          "IsForDelivery": true,
          "IsForExpress": true,
          "ProductRestrictionMessage": null,
          "ProductWarningMessage": null,
          "CentreTag": {
            "TagContent": null,
            "TagLink": null,
            "FallbackText": null,
            "TagType": "None",
            "MultibuyData": null,
            "TagContentText": null,
            "DualImageTagContent": null,
            "PromotionType": "NOT_SET",
            "IsRegisteredRewardCardPromotion": false
          },
          "IsCentreTag": false,
          "ImageTag": {
            "TagContent": "/content/promotiontags/boost-to-collect-10x-points-roundel.png",
            "TagLink": null,
            "FallbackText": "Boost to collect 10x points*",
            "TagType": "None",
            "MultibuyData": null,
            "TagContentText": null,
            "DualImageTagContent": null,
            "PromotionType": "NOT_SET",
            "IsRegisteredRewardCardPromotion": false
          },
          "HeaderTag": {
            "BackgroundColor": "#c20016",
            "BorderColor": "#c20016",
            "TextColor": "#fff",
            "Content": "LOW PRICE",
            "TagLink": null,
            "Promotion": "LowPrice"
          },
          "HasHeaderTag": true,
          "UnitWeightInGrams": 0,
          "SupplyLimitMessage": "'Birds Eye Stir Fry Oriental' has a supply limit of 24. The quantity in your cart has been reduced accordingly. To purchase a larger quantity, please contact us on 1800 000 610. Please note we do not supply trade orders.",
          "SmallFormatDescription": "Birds Eye Stir Fry Oriental",
          "FullDescription": "Birds Eye Stir Fry Oriental",
          "IsAvailable": true,
          "InstoreIsAvailable": true,
          "IsPurchasable": true,
          "InstoreIsPurchasable": true,
          "AgeRestricted": false,
          "DisplayQuantity": 1,
          "RichDescription": null,
          "HideWasSavedPrice": false,
          "SapCategories": null,
          "Brand": "Birds Eye",
          "IsRestrictedByDeliveryMethod": false,
          "FooterTag": {
            "TagContent": "Lower Price Always",
            "TagLink": null,
            "FallbackText": null,
            "TagType": "Html",
            "MultibuyData": null,
            "TagContentText": null,
            "DualImageTagContent": null,
            "PromotionType": "NOT_SET",
            "IsRegisteredRewardCardPromotion": false
          },
          "IsFooterEnabled": true,
          "Diagnostics": "12",
          "IsBundle": false,
          "IsInFamily": false,
          "ChildProducts": null,
          "UrlOverride": null,
          "AdditionalAttributes": {
            "boxedcontents": null,
            "addedvitaminsandminerals": "False",
            "sapdepartmentname": "GROCERIES",
            "spf": null,
            "haircolour": null,
            "lifestyleanddietarystatement": "Low Saturated Fat",
            "sapcategoryname": "FROZEN MEALS",
            "skintype": null,
            "importantinformation": null,
            "allergystatement": "Wheat Free",
            "productdepthmm": null,
            "skincondition": null,
            "ophthalmologistapproved": null,
            "healthstarrating": "5",
            "hairtype": null,
            "fragrance-free": null,
            "sapsegmentname": "MIXED VEGETABLES",
            "suitablefor": null,
            "PiesProductDepartmentsjson": "[{\"Id\":\"1_ACA2FC2\",\"Description\":\"Freezer\"}]",
            "piessubcategorynamesjson": "[\"Mixed Vegetables\",\"Gluten Free\"]",
            "sapsegmentno": "12",
            "productwidthmm": null,
            "contains": null,
            "sapsubcategoryname": "FREEZER - VEGETABLES",
            "dermatologisttested": null,
            "wool_productpackaging": null,
            "dermatologicallyapproved": null,
            "specialsgroupid": null,
            "productimages": "768622.jpg,768622_2.jpg,768622_7.jpg,768622_8.jpg,768622_10.jpg",
            "productheightmm": null,
            "r&r_hidereviews": null,
            "microwavesafe": "False",
            "paba-free": null,
            "lifestyleclaim": null,
            "alcoholfree": null,
            "tgawarning": null,
            "activeconstituents": null,
            "microwaveable": "False",
            "soap-free": null,
            "countryoforigin": null,
            "isexcludedfromsubstitution": "False",
            "productimagecount": "5",
            "r&r_loggedinreviews": null,
            "anti-dandruff": null,
            "servingsize-total-nip": null,
            "tgahealthwarninglink": null,
            "allergenmaybepresent": null,
            "PiesProductDepartmentNodeId": "1_ACA2FC2",
            "parabenfree": "False",
            "vendorarticleid": null,
            "containsgluten": "False",
            "containsnuts": "False",
            "ingredients": "*Unknown allergens\n mollusc* broccoli, yellow beans, carrot, sugar snap peas, water chestnuts, red capsicum.",
            "colour": null,
            "manufacturer": null,
            "sapcategoryno": "97",
            "storageinstructions": "Keep frozen. Store at or below minus 18°C.",
            "tgawarnings": null,
            "piesdepartmentnamesjson": "[\"Freezer\"]",
            "brand": "birds eye",
            "oilfree": null,
            "fragrance": null,
            "antibacterial": "False",
            "non-comedogenic": null,
            "antiseptic": "False",
            "bpafree": "False",
            "vendorcostprice": null,
            "description": "- A source of Folate and Vitamin C\n<br>- No added colours, flavours and preservatives\n<br>- Stir fry with lean beef strips or prawns, ginger, chilli, garlic and salt reduced soy sauce\n<br>- Serve over rice or noodles\n<br>- Brings a vibrant colour and flavour to your meals\n<br>- Plant-based foods like vegetables are the basis of a healthy eating plan\n<br><br>Birds Eye Stir Fry Oriental Value Pack brings a blend of quality veggies that are sure to complement any kind of meat for a tasty, balanced and satisfying meal. Whip up a Southeast Asian inspired meal in moments with these convenient, ready to cook veggies. Regularly eating 5+* serves of vegetables every day can help maintain your good health. * 1 serve of vegetables = ½ cup cooked (75g). Australian Dietary Guidelines.\n<br>The Stir Fry Oriental Value Pack is a vibrant mix of broccoli, yellow beans, carrots, sugar snap peas, water chestnuts and red capsicum. Pour in a rich, savoury sauce and top on a bed of rice or serve over steamed noodles and garnish with cashew nuts. This is a fast, convenient and delicious way to get creative in the kitchen.",
            "sweatresistant": null,
            "sapsubcategoryno": "103",
            "claims": null,
            "antioxidant": "False",
            "phbalanced": null,
            "wool_dietaryclaim": null,
            "ophthalmologisttested": null,
            "sulfatefree": "False",
            "servingsperpack-total-nip": null,
            "piescategorynamesjson": "[\"Frozen Vegetables\",\"Frozen Gluten Free\"]",
            "nutritionalinformation": "{\"Name\":\"Nutritional Information\",\"Attributes\":[{\"Id\":702,\"Name\":\"Calcium Quantity Per 100g - Total - NIP\",\"Value\":\"26mg\",\"Description\":\"Calcium Quantity Per 100g - Total - NIP\",\"SortOrder\":71},{\"Id\":47,\"Name\":\"Calcium Quantity Per Serve - Total - NIP\",\"Value\":\"32.5mg\",\"Description\":\"Calcium Quantity Per Serve - Total - NIP\",\"SortOrder\":75},{\"Id\":705,\"Name\":\"Carbohydrate Quantity Per 100g - Total - NIP\",\"Value\":\"6.80g\",\"Description\":\"Carbohydrate Quantity Per 100g - Total - NIP\",\"SortOrder\":83},{\"Id\":706,\"Name\":\"Carbohydrate Quantity Per Serve - Total - NIP\",\"Value\":\"5.10g\",\"Description\":\"Carbohydrate Quantity Per Serve - Total - NIP\",\"SortOrder\":87},{\"Id\":191,\"Name\":\"Dietary Fibre Quantity Per 100g - Total - NIP\",\"Value\":\"2.90g\",\"Description\":\"Dietary Fibre Quantity Per 100g - Total - NIP\",\"SortOrder\":175},{\"Id\":120,\"Name\":\"Dietary Fibre Quantity Per Serve - Total - NIP\",\"Value\":\"2.20g\",\"Description\":\"Dietary Fibre Quantity Per Serve - Total - NIP\",\"SortOrder\":179},{\"Id\":759,\"Name\":\"Energy kJ Quantity Per 100g - Total - NIP\",\"Value\":\"181.00kJ\",\"Description\":\"Energy kJ Quantity Per 100g - Total - NIP\",\"SortOrder\":239},{\"Id\":760,\"Name\":\"Energy kJ Quantity Per Serve - Total - NIP\",\"Value\":\"136.00kJ\",\"Description\":\"Energy kJ Quantity Per Serve - Total - NIP\",\"SortOrder\":243},{\"Id\":253,\"Name\":\"Fat Saturated Quantity Per 100g - Total - NIP\",\"Value\":\"<0.00g\",\"Description\":\"Fat Saturated Quantity Per 100g - Total - NIP\",\"SortOrder\":251},{\"Id\":258,\"Name\":\"Fat Saturated Quantity Per Serve - Total - NIP\",\"Value\":\"<0.00g\",\"Description\":\"Fat Saturated Quantity Per Serve - Total - NIP\",\"SortOrder\":255},{\"Id\":764,\"Name\":\"Fat Total Quantity Per 100g - Total - NIP\",\"Value\":\"0.30g\",\"Description\":\"Fat Total Quantity Per 100g - Total - NIP\",\"SortOrder\":263},{\"Id\":166,\"Name\":\"Fat Total Quantity Per 100g - ValueWord - NIP\",\"Value\":\"0.30\",\"Description\":\"Fat Total Quantity Per 100g - ValueWord - NIP\",\"SortOrder\":264},{\"Id\":264,\"Name\":\"Fat Total Quantity Per Serve - Total - NIP\",\"Value\":\"0.20g\",\"Description\":\"Fat Total Quantity Per Serve - Total - NIP\",\"SortOrder\":267},{\"Id\":402,\"Name\":\"Monounsaturated Quantity Per 100g - Total - NIP\",\"Value\":\"0.02g\",\"Description\":\"Monounsaturated Quantity Per 100g - Total - NIP\",\"SortOrder\":479},{\"Id\":834,\"Name\":\"Monounsaturated Quantity Per Serve - Total - NIP\",\"Value\":\"0.03g\",\"Description\":\"Monounsaturated Quantity Per Serve - Total - NIP\",\"SortOrder\":483},{\"Id\":434,\"Name\":\"Polyunsaturated Quantity Per 100g - Total - NIP\",\"Value\":\"0.04g\",\"Description\":\"Polyunsaturated Quantity Per 100g - Total - NIP\",\"SortOrder\":563},{\"Id\":435,\"Name\":\"Polyunsaturated Quantity Per Serve - Total - NIP\",\"Value\":\"0.05g\",\"Description\":\"Polyunsaturated Quantity Per Serve - Total - NIP\",\"SortOrder\":567},{\"Id\":443,\"Name\":\"Potassium Quantity Per 100g - Total - NIP\",\"Value\":\"259mg\",\"Description\":\"Potassium Quantity Per 100g - Total - NIP\",\"SortOrder\":575},{\"Id\":493,\"Name\":\"Potassium Quantity Per Serve - Total - NIP\",\"Value\":\"323.75mg\",\"Description\":\"Potassium Quantity Per Serve - Total - NIP\",\"SortOrder\":579},{\"Id\":878,\"Name\":\"Protein Quantity Per 100g - Total - NIP\",\"Value\":\"1.90g\",\"Description\":\"Protein Quantity Per 100g - Total - NIP\",\"SortOrder\":587},{\"Id\":882,\"Name\":\"Protein Quantity Per Serve - Total - NIP\",\"Value\":\"1.40g\",\"Description\":\"Protein Quantity Per Serve - Total - NIP\",\"SortOrder\":591},{\"Id\":477,\"Name\":\"Serving Size - Total - NIP\",\"Value\":\"75.00g\",\"Description\":\"Serving Size - Total - NIP\",\"SortOrder\":607},{\"Id\":544,\"Name\":\"Servings Per Pack - Total - NIP\",\"Value\":\"11.00\",\"Description\":\"Servings Per Pack - Total - NIP\",\"SortOrder\":611},{\"Id\":491,\"Name\":\"Sodium Quantity Per 100g - Total - NIP\",\"Value\":\"14.00mg\",\"Description\":\"Sodium Quantity Per 100g - Total - NIP\",\"SortOrder\":623},{\"Id\":495,\"Name\":\"Sodium Quantity Per Serve - Total - NIP\",\"Value\":\"10.00mg\",\"Description\":\"Sodium Quantity Per Serve - Total - NIP\",\"SortOrder\":627},{\"Id\":907,\"Name\":\"Sugars Quantity Per 100g - Prefix - NIP\",\"Value\":null,\"Description\":\"Sugars Quantity Per 100g - Prefix - NIP\",\"SortOrder\":645},{\"Id\":908,\"Name\":\"Sugars Quantity Per 100g - SuffixUnits - NIP\",\"Value\":\"g\",\"Description\":\"Sugars Quantity Per 100g - SuffixUnits - NIP\",\"SortOrder\":646},{\"Id\":909,\"Name\":\"Sugars Quantity Per 100g - Total - NIP\",\"Value\":\"3.30g\",\"Description\":\"Sugars Quantity Per 100g - Total - NIP\",\"SortOrder\":647},{\"Id\":910,\"Name\":\"Sugars Quantity Per 100g - ValueWord - NIP\",\"Value\":\"3.30\",\"Description\":\"Sugars Quantity Per 100g - ValueWord - NIP\",\"SortOrder\":648},{\"Id\":504,\"Name\":\"Sugars Quantity Per Serve - Prefix - NIP\",\"Value\":null,\"Description\":\"Sugars Quantity Per Serve - Prefix - NIP\",\"SortOrder\":649},{\"Id\":911,\"Name\":\"Sugars Quantity Per Serve - SuffixUnits - NIP\",\"Value\":\"g\",\"Description\":\"Sugars Quantity Per Serve - SuffixUnits - NIP\",\"SortOrder\":650},{\"Id\":912,\"Name\":\"Sugars Quantity Per Serve - Total - NIP\",\"Value\":\"2.50g\",\"Description\":\"Sugars Quantity Per Serve - Total - NIP\",\"SortOrder\":651},{\"Id\":572,\"Name\":\"Sugars Quantity Per Serve - ValueWord - NIP\",\"Value\":\"2.50\",\"Description\":\"Sugars Quantity Per Serve - ValueWord - NIP\",\"SortOrder\":652},{\"Id\":593,\"Name\":\"Trans Quantity Per 100g - Total - NIP\",\"Value\":\"0.06mg\",\"Description\":\"Trans Quantity Per 100g - Total - NIP\",\"SortOrder\":667},{\"Id\":510,\"Name\":\"Trans Quantity Per Serve - Total - NIP\",\"Value\":\"0.08mg\",\"Description\":\"Trans Quantity Per Serve - Total - NIP\",\"SortOrder\":671}]}",
            "ovencook": "False",
            "vegetarian": "False",
            "hypo-allergenic": null,
            "timer": null,
            "dermatologistrecommended": null,
            "sapdepartmentno": "5",
            "allergencontains": null,
            "waterresistant": null,
            "friendlydisclaimer": null,
            "recyclableinformation": null,
            "usageinstructions": null,
            "freezable": "False"
          },
          "DetailsImagePaths": [
            "https://cdn0.woolworths.media/content/wowproductimages/large/768622.jpg"
          ],
          "Variety": "Oriental",
          "Rating": {
            "ReviewCount": 80,
            "RatingCount": 80,
            "RatingSum": 372,
            "OneStarCount": 2,
            "TwoStarCount": 0,
            "ThreeStarCount": 1,
            "FourStarCount": 18,
            "FiveStarCount": 59,
            "Average": 4.65,
            "OneStarPercentage": 2.5,
            "TwoStarPercentage": 0,
            "ThreeStarPercentage": 1.25,
            "FourStarPercentage": 22.5,
            "FiveStarPercentage": 73.75
          },
          "HasProductSubs": false,
          "IsSponsoredAd": false,
          "AdID": null,
          "AdIndex": null,
          "IsMarketProduct": false,
          "IsGiftable": false,
          "Vendor": null,
          "Untraceable": false,
          "ThirdPartyProductInfo": null,
          "MarketFeatures": null,
          "MarketSpecifications": null,
          "SupplyLimitSource": "StockQuantity",
          "Tags": [
            {
              "Content": {
                "Type": "Label",
                "Position": "Top",
                "Attributes": {
                  "Text": "LOW PRICE",
                  "Promotion": "LowPrice",
                  "BackgroundColor": "#c20016",
                  "BorderColor": "#c20016",
                  "TextColor": "#fff"
                }
              },
              "TemplateId": null,
              "Metadata": null
            },
            {
              "Content": {
                "Type": "Roundel",
                "Position": "Top",
                "Attributes": {
                  "ImagePath": "/content/promotiontags/boost-to-collect-10x-points-roundel.png",
                  "FallbackText": "Boost to collect 10x points*"
                }
              },
              "TemplateId": null,
              "Metadata": null
            }
          ],
          "IsPersonalisedByPurchaseHistory": false,
          "IsFromFacetedSearch": false,
          "NextAvailabilityDate": null,
          "NumberOfSubstitutes": 0,
          "IsPrimaryVariant": false,
          "VariantGroupId": 0,
          "HasVariants": false,
          "VariantTitle": null,
          "IsTobacco": false
        }
      ],
      "Name": "Birds Eye Stir Fry Oriental",
      "DisplayName": "Birds Eye Stir Fry Oriental 850g"
    },
    {
      "Products": [
        {
          "TileID": 0,
          "Stockcode": 61998,
          "Barcode": "9339687133857",
          "GtinFormat": 13,
          "CupPrice": 5.4,
          "InstoreCupPrice": 5.4,
          "CupMeasure": "1KG",
          "CupString": "$5.40 / 1KG",
          "InstoreCupString": "$5.40 / 1KG",
          "HasCupPrice": true,
          "InstoreHasCupPrice": true,
          "Price": 2.7,
          "InstorePrice": 2.7,
          "Name": "Woolworths Prep Set Go Diced Frozen Onions",
          "DisplayName": "Woolworths Prep Set Go Diced Frozen Onions 500g",
          "UrlFriendlyName": "woolworths-prep-set-go-diced-frozen-onions",
          "Description": " Woolworths Prep Set Go Diced<br>Frozen Onions 500G",
          "SmallImageFile": "https://cdn0.woolworths.media/content/wowproductimages/small/061998.jpg",
          "MediumImageFile": "https://cdn0.woolworths.media/content/wowproductimages/medium/061998.jpg",
          "LargeImageFile": "https://cdn0.woolworths.media/content/wowproductimages/large/061998.jpg",
          "IsNew": false,
          "IsHalfPrice": false,
          "IsOnlineOnly": false,
          "IsOnSpecial": false,
          "InstoreIsOnSpecial": false,
          "IsEdrSpecial": false,
          "SavingsAmount": 0,
          "InstoreSavingsAmount": 0,
          "WasPrice": 2.7,
          "InstoreWasPrice": 2.7,
          "QuantityInTrolley": 0,
          "Unit": "Each",
          "MinimumQuantity": 1,
          "HasBeenBoughtBefore": false,
          "IsInTrolley": false,
          "Source": "Aisle.Freezer",
          "SupplyLimit": 50,
          "ProductLimit": 50,
          "MaxSupplyLimitMessage": "50 item limit",
          "IsRanged": true,
          "IsInStock": true,
          "PackageSize": "500G",
          "IsPmDelivery": true,
          "IsForCollection": true,
          "IsForDelivery": true,
          "IsForExpress": true,
          "ProductRestrictionMessage": null,
          "ProductWarningMessage": null,
          "CentreTag": {
            "TagContent": null,
            "TagLink": null,
            "FallbackText": null,
            "TagType": "None",
            "MultibuyData": null,
            "TagContentText": null,
            "DualImageTagContent": null,
            "PromotionType": "NOT_SET",
            "IsRegisteredRewardCardPromotion": false
          },
          "IsCentreTag": false,
          "ImageTag": {
            "TagContent": null,
            "TagLink": null,
            "FallbackText": "",
            "TagType": "None",
            "MultibuyData": null,
            "TagContentText": null,
            "DualImageTagContent": null,
            "PromotionType": "NOT_SET",
            "IsRegisteredRewardCardPromotion": false
          },
          "HeaderTag": null,
          "HasHeaderTag": false,
          "UnitWeightInGrams": 0,
          "SupplyLimitMessage": "'Woolworths Prep Set Go Diced Frozen Onions' has a supply limit of 50. The quantity in your cart has been reduced accordingly. To purchase a larger quantity, please contact us on 1800 000 610. Please note we do not supply trade orders.",
          "SmallFormatDescription": "Woolworths Prep Set Go Diced Frozen Onions",
          "FullDescription": "Woolworths Prep Set Go Diced Frozen Onions",
          "IsAvailable": true,
          "InstoreIsAvailable": true,
          "IsPurchasable": true,
          "InstoreIsPurchasable": true,
          "AgeRestricted": false,
          "DisplayQuantity": 1,
          "RichDescription": null,
          "HideWasSavedPrice": false,
          "SapCategories": null,
          "Brand": "Woolworths",
          "IsRestrictedByDeliveryMethod": false,
          "FooterTag": {
            "TagContent": null,
            "TagLink": null,
            "FallbackText": null,
            "TagType": "None",
            "MultibuyData": null,
            "TagContentText": null,
            "DualImageTagContent": null,
            "PromotionType": "NOT_SET",
            "IsRegisteredRewardCardPromotion": false
          },
          "IsFooterEnabled": true,
          "Diagnostics": "13",
          "IsBundle": false,
          "IsInFamily": false,
          "ChildProducts": null,
          "UrlOverride": null,
          "AdditionalAttributes": {
            "boxedcontents": null,
            "addedvitaminsandminerals": "False",
            "sapdepartmentname": "GROCERIES",
            "spf": null,
            "haircolour": null,
            "lifestyleanddietarystatement": "Gluten Free",
            "sapcategoryname": "FROZEN MEALS",
            "skintype": null,
            "importantinformation": null,
            "allergystatement": "Wheat Free",
            "productdepthmm": null,
            "skincondition": null,
            "ophthalmologistapproved": null,
            "healthstarrating": "4.5",
            "hairtype": null,
            "fragrance-free": null,
            "sapsegmentname": "PREPPED VEGETABLES",
            "suitablefor": null,
            "PiesProductDepartmentsjson": "[{\"Id\":\"1_ACA2FC2\",\"Description\":\"Freezer\"},{\"Id\":\"1_D5A2236\",\"Description\":\"Poultry, Meat & Seafood\"}]",
            "piessubcategorynamesjson": "[\"Other Vegetables\",\"Mixed Vegetables\",\"Gluten Free\"]",
            "sapsegmentno": "16",
            "productwidthmm": null,
            "contains": null,
            "sapsubcategoryname": "FREEZER - VEGETABLES",
            "dermatologisttested": null,
            "wool_productpackaging": null,
            "dermatologicallyapproved": null,
            "specialsgroupid": null,
            "productimages": "61998.jpg,61998_2.jpg",
            "productheightmm": null,
            "r&r_hidereviews": null,
            "microwavesafe": "False",
            "paba-free": null,
            "lifestyleclaim": null,
            "alcoholfree": null,
            "tgawarning": null,
            "activeconstituents": null,
            "microwaveable": "False",
            "soap-free": null,
            "countryoforigin": null,
            "isexcludedfromsubstitution": "False",
            "productimagecount": "2",
            "r&r_loggedinreviews": null,
            "anti-dandruff": null,
            "servingsize-total-nip": null,
            "tgahealthwarninglink": null,
            "allergenmaybepresent": null,
            "PiesProductDepartmentNodeId": "1_ACA2FC2",
            "parabenfree": "False",
            "vendorarticleid": null,
            "containsgluten": "False",
            "containsnuts": "False",
            "ingredients": "Onion",
            "colour": null,
            "manufacturer": null,
            "sapcategoryno": "97",
            "storageinstructions": "Keep Frozen",
            "tgawarnings": null,
            "piesdepartmentnamesjson": "[\"Freezer\",\"Poultry, Meat & Seafood\"]",
            "brand": "woolworths",
            "oilfree": null,
            "fragrance": null,
            "antibacterial": "False",
            "non-comedogenic": null,
            "antiseptic": "False",
            "bpafree": "False",
            "vendorcostprice": null,
            "description": "1 serve of vegetables = 1/2 cup (1)\n(1) One serve of vegetables is approximately 75g. Australian Dietary Guidelines recommend 5 serves of vegetables per day.",
            "sweatresistant": null,
            "sapsubcategoryno": "103",
            "claims": null,
            "antioxidant": "False",
            "phbalanced": null,
            "wool_dietaryclaim": null,
            "ophthalmologisttested": null,
            "sulfatefree": "False",
            "servingsperpack-total-nip": null,
            "piescategorynamesjson": "[\"Frozen Vegetables\",\"Frozen Gluten Free\"]",
            "nutritionalinformation": "{\"Name\":\"Nutritional Information\",\"Attributes\":[{\"Id\":705,\"Name\":\"Carbohydrate Quantity Per 100g - Total - NIP\",\"Value\":\"5.80g\",\"Description\":\"Carbohydrate Quantity Per 100g - Total - NIP\",\"SortOrder\":83},{\"Id\":706,\"Name\":\"Carbohydrate Quantity Per Serve - Total - NIP\",\"Value\":\"4.40g\",\"Description\":\"Carbohydrate Quantity Per Serve - Total - NIP\",\"SortOrder\":87},{\"Id\":191,\"Name\":\"Dietary Fibre Quantity Per 100g - Total - NIP\",\"Value\":\"Approx.2.7g\",\"Description\":\"Dietary Fibre Quantity Per 100g - Total - NIP\",\"SortOrder\":175},{\"Id\":120,\"Name\":\"Dietary Fibre Quantity Per Serve - Total - NIP\",\"Value\":\"Approx.2g\",\"Description\":\"Dietary Fibre Quantity Per Serve - Total - NIP\",\"SortOrder\":179},{\"Id\":759,\"Name\":\"Energy kJ Quantity Per 100g - Total - NIP\",\"Value\":\"142.00kJ\",\"Description\":\"Energy kJ Quantity Per 100g - Total - NIP\",\"SortOrder\":239},{\"Id\":760,\"Name\":\"Energy kJ Quantity Per Serve - Total - NIP\",\"Value\":\"106.00kJ\",\"Description\":\"Energy kJ Quantity Per Serve - Total - NIP\",\"SortOrder\":243},{\"Id\":253,\"Name\":\"Fat Saturated Quantity Per 100g - Total - NIP\",\"Value\":\"0.10g\",\"Description\":\"Fat Saturated Quantity Per 100g - Total - NIP\",\"SortOrder\":251},{\"Id\":258,\"Name\":\"Fat Saturated Quantity Per Serve - Total - NIP\",\"Value\":\"0.10g\",\"Description\":\"Fat Saturated Quantity Per Serve - Total - NIP\",\"SortOrder\":255},{\"Id\":764,\"Name\":\"Fat Total Quantity Per 100g - Total - NIP\",\"Value\":\"0.10g\",\"Description\":\"Fat Total Quantity Per 100g - Total - NIP\",\"SortOrder\":263},{\"Id\":166,\"Name\":\"Fat Total Quantity Per 100g - ValueWord - NIP\",\"Value\":\"0.10\",\"Description\":\"Fat Total Quantity Per 100g - ValueWord - NIP\",\"SortOrder\":264},{\"Id\":264,\"Name\":\"Fat Total Quantity Per Serve - Total - NIP\",\"Value\":\"0.10g\",\"Description\":\"Fat Total Quantity Per Serve - Total - NIP\",\"SortOrder\":267},{\"Id\":878,\"Name\":\"Protein Quantity Per 100g - Total - NIP\",\"Value\":\"1.30g\",\"Description\":\"Protein Quantity Per 100g - Total - NIP\",\"SortOrder\":587},{\"Id\":882,\"Name\":\"Protein Quantity Per Serve - Total - NIP\",\"Value\":\"1.00g\",\"Description\":\"Protein Quantity Per Serve - Total - NIP\",\"SortOrder\":591},{\"Id\":477,\"Name\":\"Serving Size - Total - NIP\",\"Value\":\"75.00g\",\"Description\":\"Serving Size - Total - NIP\",\"SortOrder\":607},{\"Id\":544,\"Name\":\"Servings Per Pack - Total - NIP\",\"Value\":\"6.00\",\"Description\":\"Servings Per Pack - Total - NIP\",\"SortOrder\":611},{\"Id\":491,\"Name\":\"Sodium Quantity Per 100g - Total - NIP\",\"Value\":\"8.00mg\",\"Description\":\"Sodium Quantity Per 100g - Total - NIP\",\"SortOrder\":623},{\"Id\":495,\"Name\":\"Sodium Quantity Per Serve - Total - NIP\",\"Value\":\"6.00mg\",\"Description\":\"Sodium Quantity Per Serve - Total - NIP\",\"SortOrder\":627},{\"Id\":907,\"Name\":\"Sugars Quantity Per 100g - Prefix - NIP\",\"Value\":\"Approx.\",\"Description\":\"Sugars Quantity Per 100g - Prefix - NIP\",\"SortOrder\":645},{\"Id\":908,\"Name\":\"Sugars Quantity Per 100g - SuffixUnits - NIP\",\"Value\":\"g\",\"Description\":\"Sugars Quantity Per 100g - SuffixUnits - NIP\",\"SortOrder\":646},{\"Id\":909,\"Name\":\"Sugars Quantity Per 100g - Total - NIP\",\"Value\":\"5.80g\",\"Description\":\"Sugars Quantity Per 100g - Total - NIP\",\"SortOrder\":647},{\"Id\":910,\"Name\":\"Sugars Quantity Per 100g - ValueWord - NIP\",\"Value\":\"5.80\",\"Description\":\"Sugars Quantity Per 100g - ValueWord - NIP\",\"SortOrder\":648},{\"Id\":504,\"Name\":\"Sugars Quantity Per Serve - Prefix - NIP\",\"Value\":\"Approx.\",\"Description\":\"Sugars Quantity Per Serve - Prefix - NIP\",\"SortOrder\":649},{\"Id\":911,\"Name\":\"Sugars Quantity Per Serve - SuffixUnits - NIP\",\"Value\":\"g\",\"Description\":\"Sugars Quantity Per Serve - SuffixUnits - NIP\",\"SortOrder\":650},{\"Id\":912,\"Name\":\"Sugars Quantity Per Serve - Total - NIP\",\"Value\":\"4.40g\",\"Description\":\"Sugars Quantity Per Serve - Total - NIP\",\"SortOrder\":651},{\"Id\":572,\"Name\":\"Sugars Quantity Per Serve - ValueWord - NIP\",\"Value\":\"4.40\",\"Description\":\"Sugars Quantity Per Serve - ValueWord - NIP\",\"SortOrder\":652}]}",
            "ovencook": "False",
            "vegetarian": "False",
            "hypo-allergenic": null,
            "timer": null,
            "dermatologistrecommended": null,
            "sapdepartmentno": "5",
            "allergencontains": null,
            "waterresistant": null,
            "friendlydisclaimer": null,
            "recyclableinformation": null,
            "usageinstructions": null,
            "freezable": "False"
          },
          "DetailsImagePaths": [
            "https://cdn0.woolworths.media/content/wowproductimages/large/061998.jpg"
          ],
          "Variety": "Onions",
          "Rating": {
            "ReviewCount": 779,
            "RatingCount": 779,
            "RatingSum": 3520,
            "OneStarCount": 6,
            "TwoStarCount": 2,
            "ThreeStarCount": 54,
            "FourStarCount": 237,
            "FiveStarCount": 480,
            "Average": 4.5186136071887,
            "OneStarPercentage": 0.770218228498074,
            "TwoStarPercentage": 0.256739409499358,
            "ThreeStarPercentage": 6.93196405648267,
            "FourStarPercentage": 30.4236200256739,
            "FiveStarPercentage": 61.617458279846
          },
          "HasProductSubs": false,
          "IsSponsoredAd": false,
          "AdID": null,
          "AdIndex": null,
          "IsMarketProduct": false,
          "IsGiftable": false,
          "Vendor": null,
          "Untraceable": false,
          "ThirdPartyProductInfo": null,
          "MarketFeatures": null,
          "MarketSpecifications": null,
          "SupplyLimitSource": "ProductLimit",
          "Tags": null,
          "IsPersonalisedByPurchaseHistory": false,
          "IsFromFacetedSearch": false,
          "NextAvailabilityDate": null,
          "NumberOfSubstitutes": 0,
          "IsPrimaryVariant": false,
          "VariantGroupId": 0,
          "HasVariants": false,
          "VariantTitle": null,
          "IsTobacco": false
        }
      ],
      "Name": "Woolworths Prep Set Go Diced Frozen Onions",
      "DisplayName": "Woolworths Prep Set Go Diced Frozen Onions 500g"
    },
    {
      "Products": [
        {
          "TileID": 0,
          "Stockcode": 662932,
          "Barcode": "9310174157464",
          "GtinFormat": 13,
          "CupPrice": 5,
          "InstoreCupPrice": 5,
          "CupMeasure": "1KG",
          "CupString": "$5.00 / 1KG",
          "InstoreCupString": "$5.00 / 1KG",
          "HasCupPrice": true,
          "InstoreHasCupPrice": true,
          "Price": 4.5,
          "InstorePrice": 4.5,
          "Name": "Mccain Superfries Steak Cut",
          "DisplayName": "Mccain Superfries Steak Cut 900g",
          "UrlFriendlyName": "mccain-superfries-steak-cut",
          "Description": " Mccain Superfries Steak Cut 900G",
          "SmallImageFile": "https://cdn0.woolworths.media/content/wowproductimages/small/662932.jpg",
          "MediumImageFile": "https://cdn0.woolworths.media/content/wowproductimages/medium/662932.jpg",
          "LargeImageFile": "https://cdn0.woolworths.media/content/wowproductimages/large/662932.jpg",
          "IsNew": false,
          "IsHalfPrice": false,
          "IsOnlineOnly": false,
          "IsOnSpecial": false,
          "InstoreIsOnSpecial": false,
          "IsEdrSpecial": false,
          "SavingsAmount": 0,
          "InstoreSavingsAmount": 0,
          "WasPrice": 4.5,
          "InstoreWasPrice": 4.5,
          "QuantityInTrolley": 0,
          "Unit": "Each",
          "MinimumQuantity": 1,
          "HasBeenBoughtBefore": false,
          "IsInTrolley": false,
          "Source": "Aisle.Freezer",
          "SupplyLimit": 18,
          "ProductLimit": 50,
          "MaxSupplyLimitMessage": "18 item(s) left",
          "IsRanged": true,
          "IsInStock": true,
          "PackageSize": "900G",
          "IsPmDelivery": true,
          "IsForCollection": true,
          "IsForDelivery": true,
          "IsForExpress": true,
          "ProductRestrictionMessage": null,
          "ProductWarningMessage": null,
          "CentreTag": {
            "TagContent": null,
            "TagLink": null,
            "FallbackText": null,
            "TagType": "None",
            "MultibuyData": null,
            "TagContentText": null,
            "DualImageTagContent": null,
            "PromotionType": "NOT_SET",
            "IsRegisteredRewardCardPromotion": false
          },
          "IsCentreTag": false,
          "ImageTag": {
            "TagContent": null,
            "TagLink": null,
            "FallbackText": "",
            "TagType": "None",
            "MultibuyData": null,
            "TagContentText": null,
            "DualImageTagContent": null,
            "PromotionType": "NOT_SET",
            "IsRegisteredRewardCardPromotion": false
          },
          "HeaderTag": {
            "BackgroundColor": "#c20016",
            "BorderColor": "#c20016",
            "TextColor": "#fff",
            "Content": "LOW PRICE",
            "TagLink": null,
            "Promotion": "LowPrice"
          },
          "HasHeaderTag": true,
          "UnitWeightInGrams": 0,
          "SupplyLimitMessage": "'Mccain Superfries Steak Cut' has a supply limit of 18. The quantity in your cart has been reduced accordingly. To purchase a larger quantity, please contact us on 1800 000 610. Please note we do not supply trade orders.",
          "SmallFormatDescription": "Mccain Superfries Steak Cut",
          "FullDescription": "Mccain Superfries Steak Cut",
          "IsAvailable": true,
          "InstoreIsAvailable": true,
          "IsPurchasable": true,
          "InstoreIsPurchasable": true,
          "AgeRestricted": false,
          "DisplayQuantity": 1,
          "RichDescription": null,
          "HideWasSavedPrice": false,
          "SapCategories": null,
          "Brand": "McCain",
          "IsRestrictedByDeliveryMethod": false,
          "FooterTag": {
            "TagContent": "Lower Price Always",
            "TagLink": null,
            "FallbackText": null,
            "TagType": "Html",
            "MultibuyData": null,
            "TagContentText": null,
            "DualImageTagContent": null,
            "PromotionType": "NOT_SET",
            "IsRegisteredRewardCardPromotion": false
          },
          "IsFooterEnabled": true,
          "Diagnostics": "14",
          "IsBundle": false,
          "IsInFamily": false,
          "ChildProducts": null,
          "UrlOverride": null,
          "AdditionalAttributes": {
            "boxedcontents": null,
            "addedvitaminsandminerals": "False",
            "sapdepartmentname": "GROCERIES",
            "spf": null,
            "haircolour": null,
            "lifestyleanddietarystatement": "Vegan",
            "sapcategoryname": "FREEZER - VEGETABLES",
            "skintype": null,
            "importantinformation": null,
            "allergystatement": "Wheat Free",
            "productdepthmm": null,
            "skincondition": null,
            "ophthalmologistapproved": null,
            "healthstarrating": "4.5",
            "hairtype": null,
            "fragrance-free": null,
            "sapsegmentname": "POTATO CHIPS - (PLAIN CHIPS)",
            "suitablefor": null,
            "PiesProductDepartmentsjson": "[{\"Id\":\"1_ACA2FC2\",\"Description\":\"Freezer\"}]",
            "piessubcategorynamesjson": "[\"Other Vegetables\",\"Chips\"]",
            "sapsegmentno": "28",
            "productwidthmm": null,
            "contains": null,
            "sapsubcategoryname": "FREEZER - POTATO",
            "dermatologisttested": null,
            "wool_productpackaging": null,
            "dermatologicallyapproved": null,
            "specialsgroupid": null,
            "productimages": "662932.jpg,662932_10.jpg",
            "productheightmm": null,
            "r&r_hidereviews": null,
            "microwavesafe": "False",
            "paba-free": null,
            "lifestyleclaim": "Real Australian potatoes, Cooked in Canola Oil",
            "alcoholfree": null,
            "tgawarning": null,
            "activeconstituents": null,
            "microwaveable": "False",
            "soap-free": null,
            "countryoforigin": null,
            "isexcludedfromsubstitution": "False",
            "productimagecount": "2",
            "r&r_loggedinreviews": null,
            "anti-dandruff": null,
            "servingsize-total-nip": null,
            "tgahealthwarninglink": null,
            "allergenmaybepresent": "Gluten containing cereals, Sulphites",
            "PiesProductDepartmentNodeId": "1_ACA2FC2",
            "parabenfree": "False",
            "vendorarticleid": null,
            "containsgluten": "False",
            "containsnuts": "False",
            "ingredients": "Potato (96%), Canola Oil, Dextrose (from Maize)",
            "colour": null,
            "manufacturer": null,
            "sapcategoryno": "95",
            "storageinstructions": "Store at or below minus 18°C. Do not thaw before cooking. Product must be cooked before consumption.",
            "tgawarnings": null,
            "piesdepartmentnamesjson": "[\"Freezer\"]",
            "brand": "mccain",
            "oilfree": null,
            "fragrance": null,
            "antibacterial": "False",
            "non-comedogenic": null,
            "antiseptic": "False",
            "bpafree": "False",
            "vendorcostprice": null,
            "description": "McCain Superfries Steakcut fries are made with natural ingredients and 100% Australian sourced potatoes cooked in canola oil. Making them delicious and heart healthy option.",
            "sweatresistant": null,
            "sapsubcategoryno": "67",
            "claims": null,
            "antioxidant": "False",
            "phbalanced": null,
            "wool_dietaryclaim": null,
            "ophthalmologisttested": null,
            "sulfatefree": "False",
            "servingsperpack-total-nip": null,
            "piescategorynamesjson": "[\"Frozen Vegetables\",\"Chips & Wedges\"]",
            "nutritionalinformation": "{\"Name\":\"Nutritional Information\",\"Attributes\":[{\"Id\":705,\"Name\":\"Carbohydrate Quantity Per 100g - Total - NIP\",\"Value\":\"23.20g\",\"Description\":\"Carbohydrate Quantity Per 100g - Total - NIP\",\"SortOrder\":83},{\"Id\":706,\"Name\":\"Carbohydrate Quantity Per Serve - Total - NIP\",\"Value\":\"23.20g\",\"Description\":\"Carbohydrate Quantity Per Serve - Total - NIP\",\"SortOrder\":87},{\"Id\":191,\"Name\":\"Dietary Fibre Quantity Per 100g - Total - NIP\",\"Value\":null,\"Description\":\"Dietary Fibre Quantity Per 100g - Total - NIP\",\"SortOrder\":175},{\"Id\":120,\"Name\":\"Dietary Fibre Quantity Per Serve - Total - NIP\",\"Value\":null,\"Description\":\"Dietary Fibre Quantity Per Serve - Total - NIP\",\"SortOrder\":179},{\"Id\":759,\"Name\":\"Energy kJ Quantity Per 100g - Total - NIP\",\"Value\":\"590.00kJ\",\"Description\":\"Energy kJ Quantity Per 100g - Total - NIP\",\"SortOrder\":239},{\"Id\":760,\"Name\":\"Energy kJ Quantity Per Serve - Total - NIP\",\"Value\":\"590.00kJ\",\"Description\":\"Energy kJ Quantity Per Serve - Total - NIP\",\"SortOrder\":243},{\"Id\":253,\"Name\":\"Fat Saturated Quantity Per 100g - Total - NIP\",\"Value\":\"0.30g\",\"Description\":\"Fat Saturated Quantity Per 100g - Total - NIP\",\"SortOrder\":251},{\"Id\":258,\"Name\":\"Fat Saturated Quantity Per Serve - Total - NIP\",\"Value\":\"0.30g\",\"Description\":\"Fat Saturated Quantity Per Serve - Total - NIP\",\"SortOrder\":255},{\"Id\":764,\"Name\":\"Fat Total Quantity Per 100g - Total - NIP\",\"Value\":\"3.30g\",\"Description\":\"Fat Total Quantity Per 100g - Total - NIP\",\"SortOrder\":263},{\"Id\":166,\"Name\":\"Fat Total Quantity Per 100g - ValueWord - NIP\",\"Value\":\"3.30\",\"Description\":\"Fat Total Quantity Per 100g - ValueWord - NIP\",\"SortOrder\":264},{\"Id\":264,\"Name\":\"Fat Total Quantity Per Serve - Total - NIP\",\"Value\":\"3.30g\",\"Description\":\"Fat Total Quantity Per Serve - Total - NIP\",\"SortOrder\":267},{\"Id\":878,\"Name\":\"Protein Quantity Per 100g - Total - NIP\",\"Value\":\"3.30g\",\"Description\":\"Protein Quantity Per 100g - Total - NIP\",\"SortOrder\":587},{\"Id\":882,\"Name\":\"Protein Quantity Per Serve - Total - NIP\",\"Value\":\"3.30g\",\"Description\":\"Protein Quantity Per Serve - Total - NIP\",\"SortOrder\":591},{\"Id\":477,\"Name\":\"Serving Size - Total - NIP\",\"Value\":\"100.00g\",\"Description\":\"Serving Size - Total - NIP\",\"SortOrder\":607},{\"Id\":544,\"Name\":\"Servings Per Pack - Total - NIP\",\"Value\":\"9.00\",\"Description\":\"Servings Per Pack - Total - NIP\",\"SortOrder\":611},{\"Id\":491,\"Name\":\"Sodium Quantity Per 100g - Total - NIP\",\"Value\":\"27.00mg\",\"Description\":\"Sodium Quantity Per 100g - Total - NIP\",\"SortOrder\":623},{\"Id\":495,\"Name\":\"Sodium Quantity Per Serve - Total - NIP\",\"Value\":\"27.00mg\",\"Description\":\"Sodium Quantity Per Serve - Total - NIP\",\"SortOrder\":627},{\"Id\":907,\"Name\":\"Sugars Quantity Per 100g - Prefix - NIP\",\"Value\":\"Approx.\",\"Description\":\"Sugars Quantity Per 100g - Prefix - NIP\",\"SortOrder\":645},{\"Id\":908,\"Name\":\"Sugars Quantity Per 100g - SuffixUnits - NIP\",\"Value\":\"g\",\"Description\":\"Sugars Quantity Per 100g - SuffixUnits - NIP\",\"SortOrder\":646},{\"Id\":909,\"Name\":\"Sugars Quantity Per 100g - Total - NIP\",\"Value\":\"0.20g\",\"Description\":\"Sugars Quantity Per 100g - Total - NIP\",\"SortOrder\":647},{\"Id\":910,\"Name\":\"Sugars Quantity Per 100g - ValueWord - NIP\",\"Value\":\"0.20\",\"Description\":\"Sugars Quantity Per 100g - ValueWord - NIP\",\"SortOrder\":648},{\"Id\":504,\"Name\":\"Sugars Quantity Per Serve - Prefix - NIP\",\"Value\":\"Approx.\",\"Description\":\"Sugars Quantity Per Serve - Prefix - NIP\",\"SortOrder\":649},{\"Id\":911,\"Name\":\"Sugars Quantity Per Serve - SuffixUnits - NIP\",\"Value\":\"g\",\"Description\":\"Sugars Quantity Per Serve - SuffixUnits - NIP\",\"SortOrder\":650},{\"Id\":912,\"Name\":\"Sugars Quantity Per Serve - Total - NIP\",\"Value\":\"0.20g\",\"Description\":\"Sugars Quantity Per Serve - Total - NIP\",\"SortOrder\":651},{\"Id\":572,\"Name\":\"Sugars Quantity Per Serve - ValueWord - NIP\",\"Value\":\"0.20\",\"Description\":\"Sugars Quantity Per Serve - ValueWord - NIP\",\"SortOrder\":652},{\"Id\":593,\"Name\":\"Trans Quantity Per 100g - Total - NIP\",\"Value\":\"<0.1g\",\"Description\":\"Trans Quantity Per 100g - Total - NIP\",\"SortOrder\":667},{\"Id\":510,\"Name\":\"Trans Quantity Per Serve - Total - NIP\",\"Value\":\"<0.1g\",\"Description\":\"Trans Quantity Per Serve - Total - NIP\",\"SortOrder\":671}]}",
            "ovencook": "False",
            "vegetarian": "False",
            "hypo-allergenic": null,
            "timer": null,
            "dermatologistrecommended": null,
            "sapdepartmentno": "5",
            "allergencontains": null,
            "waterresistant": null,
            "friendlydisclaimer": null,
            "recyclableinformation": null,
            "usageinstructions": null,
            "freezable": "False"
          },
          "DetailsImagePaths": [
            "https://cdn0.woolworths.media/content/wowproductimages/large/662932.jpg"
          ],
          "Variety": "Steak Cut",
          "Rating": {
            "ReviewCount": 74,
            "RatingCount": 74,
            "RatingSum": 325,
            "OneStarCount": 1,
            "TwoStarCount": 2,
            "ThreeStarCount": 7,
            "FourStarCount": 21,
            "FiveStarCount": 43,
            "Average": 4.39189189189189,
            "OneStarPercentage": 1.35135135135135,
            "TwoStarPercentage": 2.7027027027027,
            "ThreeStarPercentage": 9.45945945945946,
            "FourStarPercentage": 28.3783783783784,
            "FiveStarPercentage": 58.1081081081081
          },
          "HasProductSubs": false,
          "IsSponsoredAd": false,
          "AdID": null,
          "AdIndex": null,
          "IsMarketProduct": false,
          "IsGiftable": false,
          "Vendor": null,
          "Untraceable": false,
          "ThirdPartyProductInfo": null,
          "MarketFeatures": null,
          "MarketSpecifications": null,
          "SupplyLimitSource": "StockQuantity",
          "Tags": [
            {
              "Content": {
                "Type": "Label",
                "Position": "Top",
                "Attributes": {
                  "Text": "LOW PRICE",
                  "Promotion": "LowPrice",
                  "BackgroundColor": "#c20016",
                  "BorderColor": "#c20016",
                  "TextColor": "#fff"
                }
              },
              "TemplateId": null,
              "Metadata": null
            }
          ],
          "IsPersonalisedByPurchaseHistory": false,
          "IsFromFacetedSearch": false,
          "NextAvailabilityDate": null,
          "NumberOfSubstitutes": 0,
          "IsPrimaryVariant": false,
          "VariantGroupId": 0,
          "HasVariants": false,
          "VariantTitle": null,
          "IsTobacco": false
        }
      ],
      "Name": "Mccain Superfries Steak Cut",
      "DisplayName": "Mccain Superfries Steak Cut 900g"
    },
    {
      "Products": [
        {
          "TileID": 0,
          "Stockcode": 768559,
          "Barcode": "9300633450328",
          "GtinFormat": 13,
          "CupPrice": 6,
          "InstoreCupPrice": 6,
          "CupMeasure": "1KG",
          "CupString": "$6.00 / 1KG",
          "InstoreCupString": "$6.00 / 1KG",
          "HasCupPrice": true,
          "InstoreHasCupPrice": true,
          "Price": 3,
          "InstorePrice": 3,
          "Name": "Woolworths Broccoli Florets",
          "DisplayName": "Woolworths Broccoli Florets 500g",
          "UrlFriendlyName": "woolworths-broccoli-florets",
          "Description": " Woolworths Broccoli Florets 500G",
          "SmallImageFile": "https://cdn0.woolworths.media/content/wowproductimages/small/768559.jpg",
          "MediumImageFile": "https://cdn0.woolworths.media/content/wowproductimages/medium/768559.jpg",
          "LargeImageFile": "https://cdn0.woolworths.media/content/wowproductimages/large/768559.jpg",
          "IsNew": false,
          "IsHalfPrice": false,
          "IsOnlineOnly": false,
          "IsOnSpecial": false,
          "InstoreIsOnSpecial": false,
          "IsEdrSpecial": false,
          "SavingsAmount": 0,
          "InstoreSavingsAmount": 0,
          "WasPrice": 3,
          "InstoreWasPrice": 3,
          "QuantityInTrolley": 0,
          "Unit": "Each",
          "MinimumQuantity": 1,
          "HasBeenBoughtBefore": false,
          "IsInTrolley": false,
          "Source": "Aisle.Freezer",
          "SupplyLimit": 37,
          "ProductLimit": 50,
          "MaxSupplyLimitMessage": "37 item(s) left",
          "IsRanged": true,
          "IsInStock": true,
          "PackageSize": "500G",
          "IsPmDelivery": true,
          "IsForCollection": true,
          "IsForDelivery": true,
          "IsForExpress": true,
          "ProductRestrictionMessage": null,
          "ProductWarningMessage": null,
          "CentreTag": {
            "TagContent": null,
            "TagLink": null,
            "FallbackText": null,
            "TagType": "None",
            "MultibuyData": null,
            "TagContentText": null,
            "DualImageTagContent": null,
            "PromotionType": "NOT_SET",
            "IsRegisteredRewardCardPromotion": false
          },
          "IsCentreTag": false,
          "ImageTag": {
            "TagContent": null,
            "TagLink": null,
            "FallbackText": "",
            "TagType": "None",
            "MultibuyData": null,
            "TagContentText": null,
            "DualImageTagContent": null,
            "PromotionType": "NOT_SET",
            "IsRegisteredRewardCardPromotion": false
          },
          "HeaderTag": {
            "BackgroundColor": "#c20016",
            "BorderColor": "#c20016",
            "TextColor": "#fff",
            "Content": "LOW PRICE",
            "TagLink": null,
            "Promotion": "LowPrice"
          },
          "HasHeaderTag": true,
          "UnitWeightInGrams": 0,
          "SupplyLimitMessage": "'Woolworths Broccoli Florets' has a supply limit of 37. The quantity in your cart has been reduced accordingly. To purchase a larger quantity, please contact us on 1800 000 610. Please note we do not supply trade orders.",
          "SmallFormatDescription": "Woolworths Broccoli Florets",
          "FullDescription": "Woolworths Broccoli Florets",
          "IsAvailable": true,
          "InstoreIsAvailable": true,
          "IsPurchasable": true,
          "InstoreIsPurchasable": true,
          "AgeRestricted": false,
          "DisplayQuantity": 1,
          "RichDescription": null,
          "HideWasSavedPrice": false,
          "SapCategories": null,
          "Brand": "Woolworths",
          "IsRestrictedByDeliveryMethod": false,
          "FooterTag": {
            "TagContent": "Lower Price Always",
            "TagLink": null,
            "FallbackText": null,
            "TagType": "Html",
            "MultibuyData": null,
            "TagContentText": null,
            "DualImageTagContent": null,
            "PromotionType": "NOT_SET",
            "IsRegisteredRewardCardPromotion": false
          },
          "IsFooterEnabled": true,
          "Diagnostics": "15",
          "IsBundle": false,
          "IsInFamily": false,
          "ChildProducts": null,
          "UrlOverride": null,
          "AdditionalAttributes": {
            "boxedcontents": null,
            "addedvitaminsandminerals": "False",
            "sapdepartmentname": "GROCERIES",
            "spf": null,
            "haircolour": null,
            "lifestyleanddietarystatement": "Vegan",
            "sapcategoryname": "FROZEN MEALS",
            "skintype": null,
            "importantinformation": null,
            "allergystatement": "Wheat Free",
            "productdepthmm": null,
            "skincondition": null,
            "ophthalmologistapproved": null,
            "healthstarrating": "5",
            "hairtype": null,
            "fragrance-free": null,
            "sapsegmentname": "BROCCOLI",
            "suitablefor": null,
            "PiesProductDepartmentsjson": "[{\"Id\":\"1_ACA2FC2\",\"Description\":\"Freezer\"},{\"Id\":\"1_D5A2236\",\"Description\":\"Poultry, Meat & Seafood\"}]",
            "piessubcategorynamesjson": "[\"Other Vegetables\",\"Gluten Free\"]",
            "sapsegmentno": "4",
            "productwidthmm": null,
            "contains": null,
            "sapsubcategoryname": "FREEZER - VEGETABLES",
            "dermatologisttested": null,
            "wool_productpackaging": null,
            "dermatologicallyapproved": null,
            "specialsgroupid": null,
            "productimages": "768559.jpg,768559_2.jpg",
            "productheightmm": null,
            "r&r_hidereviews": null,
            "microwavesafe": "False",
            "paba-free": null,
            "lifestyleclaim": null,
            "alcoholfree": null,
            "tgawarning": null,
            "activeconstituents": null,
            "microwaveable": "False",
            "soap-free": null,
            "countryoforigin": null,
            "isexcludedfromsubstitution": "False",
            "productimagecount": "2",
            "r&r_loggedinreviews": null,
            "anti-dandruff": null,
            "servingsize-total-nip": null,
            "tgahealthwarninglink": null,
            "allergenmaybepresent": null,
            "PiesProductDepartmentNodeId": "1_ACA2FC2",
            "parabenfree": "False",
            "vendorarticleid": null,
            "containsgluten": "False",
            "containsnuts": "False",
            "ingredients": "Broccoli (100%).",
            "colour": null,
            "manufacturer": null,
            "sapcategoryno": "97",
            "storageinstructions": "Keep frozen at below -18°C. Once thawed do not refreeze.",
            "tgawarnings": null,
            "piesdepartmentnamesjson": "[\"Freezer\",\"Poultry, Meat & Seafood\"]",
            "brand": "woolworths",
            "oilfree": null,
            "fragrance": null,
            "antibacterial": "False",
            "non-comedogenic": null,
            "antiseptic": "False",
            "bpafree": "False",
            "vendorcostprice": null,
            "description": "<p>The Woolworths Select range of frozen vegetables are snap frozen to lock in the freshness and flavour - a convenient and nutritious way to enjoy vegetables.</p>",
            "sweatresistant": null,
            "sapsubcategoryno": "103",
            "claims": null,
            "antioxidant": "False",
            "phbalanced": null,
            "wool_dietaryclaim": null,
            "ophthalmologisttested": null,
            "sulfatefree": "False",
            "servingsperpack-total-nip": null,
            "piescategorynamesjson": "[\"Frozen Vegetables\",\"Frozen Gluten Free\"]",
            "nutritionalinformation": "{\"Name\":\"Nutritional Information\",\"Attributes\":[{\"Id\":702,\"Name\":\"Calcium Quantity Per 100g - Total - NIP\",\"Value\":\"32mg\",\"Description\":\"Calcium Quantity Per 100g - Total - NIP\",\"SortOrder\":71},{\"Id\":47,\"Name\":\"Calcium Quantity Per Serve - Total - NIP\",\"Value\":\"24mg\",\"Description\":\"Calcium Quantity Per Serve - Total - NIP\",\"SortOrder\":75},{\"Id\":705,\"Name\":\"Carbohydrate Quantity Per 100g - Total - NIP\",\"Value\":\"1.20g\",\"Description\":\"Carbohydrate Quantity Per 100g - Total - NIP\",\"SortOrder\":83},{\"Id\":706,\"Name\":\"Carbohydrate Quantity Per Serve - Total - NIP\",\"Value\":\"0.90g\",\"Description\":\"Carbohydrate Quantity Per Serve - Total - NIP\",\"SortOrder\":87},{\"Id\":191,\"Name\":\"Dietary Fibre Quantity Per 100g - Total - NIP\",\"Value\":\"2.50g\",\"Description\":\"Dietary Fibre Quantity Per 100g - Total - NIP\",\"SortOrder\":175},{\"Id\":120,\"Name\":\"Dietary Fibre Quantity Per Serve - Total - NIP\",\"Value\":\"1.90g\",\"Description\":\"Dietary Fibre Quantity Per Serve - Total - NIP\",\"SortOrder\":179},{\"Id\":759,\"Name\":\"Energy kJ Quantity Per 100g - Total - NIP\",\"Value\":\"101.00kJ\",\"Description\":\"Energy kJ Quantity Per 100g - Total - NIP\",\"SortOrder\":239},{\"Id\":760,\"Name\":\"Energy kJ Quantity Per Serve - Total - NIP\",\"Value\":\"76.00kJ\",\"Description\":\"Energy kJ Quantity Per Serve - Total - NIP\",\"SortOrder\":243},{\"Id\":253,\"Name\":\"Fat Saturated Quantity Per 100g - Total - NIP\",\"Value\":\"<1.00g\",\"Description\":\"Fat Saturated Quantity Per 100g - Total - NIP\",\"SortOrder\":251},{\"Id\":258,\"Name\":\"Fat Saturated Quantity Per Serve - Total - NIP\",\"Value\":\"<0.80g\",\"Description\":\"Fat Saturated Quantity Per Serve - Total - NIP\",\"SortOrder\":255},{\"Id\":764,\"Name\":\"Fat Total Quantity Per 100g - Total - NIP\",\"Value\":\"<1.00g\",\"Description\":\"Fat Total Quantity Per 100g - Total - NIP\",\"SortOrder\":263},{\"Id\":166,\"Name\":\"Fat Total Quantity Per 100g - ValueWord - NIP\",\"Value\":\"1.00\",\"Description\":\"Fat Total Quantity Per 100g - ValueWord - NIP\",\"SortOrder\":264},{\"Id\":264,\"Name\":\"Fat Total Quantity Per Serve - Total - NIP\",\"Value\":\"<0.80g\",\"Description\":\"Fat Total Quantity Per Serve - Total - NIP\",\"SortOrder\":267},{\"Id\":443,\"Name\":\"Potassium Quantity Per 100g - Total - NIP\",\"Value\":\"336mg\",\"Description\":\"Potassium Quantity Per 100g - Total - NIP\",\"SortOrder\":575},{\"Id\":493,\"Name\":\"Potassium Quantity Per Serve - Total - NIP\",\"Value\":\"252mg\",\"Description\":\"Potassium Quantity Per Serve - Total - NIP\",\"SortOrder\":579},{\"Id\":878,\"Name\":\"Protein Quantity Per 100g - Total - NIP\",\"Value\":\"2.90g\",\"Description\":\"Protein Quantity Per 100g - Total - NIP\",\"SortOrder\":587},{\"Id\":882,\"Name\":\"Protein Quantity Per Serve - Total - NIP\",\"Value\":\"2.20g\",\"Description\":\"Protein Quantity Per Serve - Total - NIP\",\"SortOrder\":591},{\"Id\":477,\"Name\":\"Serving Size - Total - NIP\",\"Value\":\"75.00g\",\"Description\":\"Serving Size - Total - NIP\",\"SortOrder\":607},{\"Id\":544,\"Name\":\"Servings Per Pack - Total - NIP\",\"Value\":\"6.00\",\"Description\":\"Servings Per Pack - Total - NIP\",\"SortOrder\":611},{\"Id\":491,\"Name\":\"Sodium Quantity Per 100g - Total - NIP\",\"Value\":\"13.00mg\",\"Description\":\"Sodium Quantity Per 100g - Total - NIP\",\"SortOrder\":623},{\"Id\":495,\"Name\":\"Sodium Quantity Per Serve - Total - NIP\",\"Value\":\"10.00mg\",\"Description\":\"Sodium Quantity Per Serve - Total - NIP\",\"SortOrder\":627},{\"Id\":907,\"Name\":\"Sugars Quantity Per 100g - Prefix - NIP\",\"Value\":null,\"Description\":\"Sugars Quantity Per 100g - Prefix - NIP\",\"SortOrder\":645},{\"Id\":908,\"Name\":\"Sugars Quantity Per 100g - SuffixUnits - NIP\",\"Value\":\"g\",\"Description\":\"Sugars Quantity Per 100g - SuffixUnits - NIP\",\"SortOrder\":646},{\"Id\":909,\"Name\":\"Sugars Quantity Per 100g - Total - NIP\",\"Value\":\"1.10g\",\"Description\":\"Sugars Quantity Per 100g - Total - NIP\",\"SortOrder\":647},{\"Id\":910,\"Name\":\"Sugars Quantity Per 100g - ValueWord - NIP\",\"Value\":\"1.10\",\"Description\":\"Sugars Quantity Per 100g - ValueWord - NIP\",\"SortOrder\":648},{\"Id\":504,\"Name\":\"Sugars Quantity Per Serve - Prefix - NIP\",\"Value\":\"<\",\"Description\":\"Sugars Quantity Per Serve - Prefix - NIP\",\"SortOrder\":649},{\"Id\":911,\"Name\":\"Sugars Quantity Per Serve - SuffixUnits - NIP\",\"Value\":\"g\",\"Description\":\"Sugars Quantity Per Serve - SuffixUnits - NIP\",\"SortOrder\":650},{\"Id\":912,\"Name\":\"Sugars Quantity Per Serve - Total - NIP\",\"Value\":\"<0.80g\",\"Description\":\"Sugars Quantity Per Serve - Total - NIP\",\"SortOrder\":651},{\"Id\":572,\"Name\":\"Sugars Quantity Per Serve - ValueWord - NIP\",\"Value\":\"0.80\",\"Description\":\"Sugars Quantity Per Serve - ValueWord - NIP\",\"SortOrder\":652}]}",
            "ovencook": "False",
            "vegetarian": "False",
            "hypo-allergenic": null,
            "timer": null,
            "dermatologistrecommended": null,
            "sapdepartmentno": "5",
            "allergencontains": null,
            "waterresistant": null,
            "friendlydisclaimer": null,
            "recyclableinformation": null,
            "usageinstructions": null,
            "freezable": "False"
          },
          "DetailsImagePaths": [
            "https://cdn0.woolworths.media/content/wowproductimages/large/768559.jpg"
          ],
          "Variety": "Florets",
          "Rating": {
            "ReviewCount": 687,
            "RatingCount": 687,
            "RatingSum": 2998,
            "OneStarCount": 11,
            "TwoStarCount": 19,
            "ThreeStarCount": 70,
            "FourStarCount": 196,
            "FiveStarCount": 391,
            "Average": 4.36390101892285,
            "OneStarPercentage": 1.60116448326055,
            "TwoStarPercentage": 2.76564774381368,
            "ThreeStarPercentage": 10.1892285298399,
            "FourStarPercentage": 28.5298398835517,
            "FiveStarPercentage": 56.9141193595342
          },
          "HasProductSubs": false,
          "IsSponsoredAd": false,
          "AdID": null,
          "AdIndex": null,
          "IsMarketProduct": false,
          "IsGiftable": false,
          "Vendor": null,
          "Untraceable": false,
          "ThirdPartyProductInfo": null,
          "MarketFeatures": null,
          "MarketSpecifications": null,
          "SupplyLimitSource": "StockQuantity",
          "Tags": [
            {
              "Content": {
                "Type": "Label",
                "Position": "Top",
                "Attributes": {
                  "Text": "LOW PRICE",
                  "Promotion": "LowPrice",
                  "BackgroundColor": "#c20016",
                  "BorderColor": "#c20016",
                  "TextColor": "#fff"
                }
              },
              "TemplateId": null,
              "Metadata": null
            }
          ],
          "IsPersonalisedByPurchaseHistory": false,
          "IsFromFacetedSearch": false,
          "NextAvailabilityDate": null,
          "NumberOfSubstitutes": 0,
          "IsPrimaryVariant": false,
          "VariantGroupId": 0,
          "HasVariants": false,
          "VariantTitle": null,
          "IsTobacco": false
        }
      ],
      "Name": "Woolworths Broccoli Florets",
      "DisplayName": "Woolworths Broccoli Florets 500g"
    },
    {
      "Products": [
        {
          "TileID": 0,
          "Stockcode": 768583,
          "Barcode": "9300633450458",
          "GtinFormat": 13,
          "CupPrice": 6,
          "InstoreCupPrice": 6,
          "CupMeasure": "1KG",
          "CupString": "$6.00 / 1KG",
          "InstoreCupString": "$6.00 / 1KG",
          "HasCupPrice": true,
          "InstoreHasCupPrice": true,
          "Price": 3,
          "InstorePrice": 3,
          "Name": "Woolworths Brussels Sprouts",
          "DisplayName": "Woolworths Brussels Sprouts 500g",
          "UrlFriendlyName": "woolworths-brussels-sprouts",
          "Description": " Woolworths Brussels Sprouts 500G",
          "SmallImageFile": "https://cdn0.woolworths.media/content/wowproductimages/small/768583.jpg",
          "MediumImageFile": "https://cdn0.woolworths.media/content/wowproductimages/medium/768583.jpg",
          "LargeImageFile": "https://cdn0.woolworths.media/content/wowproductimages/large/768583.jpg",
          "IsNew": false,
          "IsHalfPrice": false,
          "IsOnlineOnly": false,
          "IsOnSpecial": false,
          "InstoreIsOnSpecial": false,
          "IsEdrSpecial": false,
          "SavingsAmount": 0,
          "InstoreSavingsAmount": 0,
          "WasPrice": 3,
          "InstoreWasPrice": 3,
          "QuantityInTrolley": 0,
          "Unit": "Each",
          "MinimumQuantity": 1,
          "HasBeenBoughtBefore": false,
          "IsInTrolley": false,
          "Source": "Aisle.Freezer",
          "SupplyLimit": 17,
          "ProductLimit": 50,
          "MaxSupplyLimitMessage": "17 item(s) left",
          "IsRanged": true,
          "IsInStock": true,
          "PackageSize": "500G",
          "IsPmDelivery": true,
          "IsForCollection": true,
          "IsForDelivery": true,
          "IsForExpress": true,
          "ProductRestrictionMessage": null,
          "ProductWarningMessage": null,
          "CentreTag": {
            "TagContent": null,
            "TagLink": null,
            "FallbackText": null,
            "TagType": "None",
            "MultibuyData": null,
            "TagContentText": null,
            "DualImageTagContent": null,
            "PromotionType": "NOT_SET",
            "IsRegisteredRewardCardPromotion": false
          },
          "IsCentreTag": false,
          "ImageTag": {
            "TagContent": null,
            "TagLink": null,
            "FallbackText": "",
            "TagType": "None",
            "MultibuyData": null,
            "TagContentText": null,
            "DualImageTagContent": null,
            "PromotionType": "NOT_SET",
            "IsRegisteredRewardCardPromotion": false
          },
          "HeaderTag": {
            "BackgroundColor": "#c20016",
            "BorderColor": "#c20016",
            "TextColor": "#fff",
            "Content": "LOW PRICE",
            "TagLink": null,
            "Promotion": "LowPrice"
          },
          "HasHeaderTag": true,
          "UnitWeightInGrams": 0,
          "SupplyLimitMessage": "'Woolworths Brussels Sprouts' has a supply limit of 17. The quantity in your cart has been reduced accordingly. To purchase a larger quantity, please contact us on 1800 000 610. Please note we do not supply trade orders.",
          "SmallFormatDescription": "Woolworths Brussels Sprouts",
          "FullDescription": "Woolworths Brussels Sprouts",
          "IsAvailable": true,
          "InstoreIsAvailable": true,
          "IsPurchasable": true,
          "InstoreIsPurchasable": true,
          "AgeRestricted": false,
          "DisplayQuantity": 1,
          "RichDescription": null,
          "HideWasSavedPrice": false,
          "SapCategories": null,
          "Brand": "Woolworths",
          "IsRestrictedByDeliveryMethod": false,
          "FooterTag": {
            "TagContent": "Lower Price Always",
            "TagLink": null,
            "FallbackText": null,
            "TagType": "Html",
            "MultibuyData": null,
            "TagContentText": null,
            "DualImageTagContent": null,
            "PromotionType": "NOT_SET",
            "IsRegisteredRewardCardPromotion": false
          },
          "IsFooterEnabled": true,
          "Diagnostics": "16",
          "IsBundle": false,
          "IsInFamily": false,
          "ChildProducts": null,
          "UrlOverride": null,
          "AdditionalAttributes": {
            "boxedcontents": null,
            "addedvitaminsandminerals": "False",
            "sapdepartmentname": "GROCERIES",
            "spf": null,
            "haircolour": null,
            "lifestyleanddietarystatement": "Vegetarian",
            "sapcategoryname": "FROZEN MEALS",
            "skintype": null,
            "importantinformation": null,
            "allergystatement": "Wheat Free",
            "productdepthmm": null,
            "skincondition": null,
            "ophthalmologistapproved": null,
            "healthstarrating": "5",
            "hairtype": null,
            "fragrance-free": null,
            "sapsegmentname": "BRUSSEL SPROUTS",
            "suitablefor": null,
            "PiesProductDepartmentsjson": "[{\"Id\":\"1_ACA2FC2\",\"Description\":\"Freezer\"}]",
            "piessubcategorynamesjson": "[\"Other Vegetables\",\"Gluten Free\"]",
            "sapsegmentno": "5",
            "productwidthmm": null,
            "contains": null,
            "sapsubcategoryname": "FREEZER - VEGETABLES",
            "dermatologisttested": null,
            "wool_productpackaging": null,
            "dermatologicallyapproved": null,
            "specialsgroupid": null,
            "productimages": "768583.jpg,768583_1.jpg,768583_2.jpg",
            "productheightmm": null,
            "r&r_hidereviews": null,
            "microwavesafe": "False",
            "paba-free": null,
            "lifestyleclaim": null,
            "alcoholfree": null,
            "tgawarning": null,
            "activeconstituents": null,
            "microwaveable": "False",
            "soap-free": null,
            "countryoforigin": null,
            "isexcludedfromsubstitution": "False",
            "productimagecount": "3",
            "r&r_loggedinreviews": null,
            "anti-dandruff": null,
            "servingsize-total-nip": null,
            "tgahealthwarninglink": null,
            "allergenmaybepresent": null,
            "PiesProductDepartmentNodeId": "1_ACA2FC2",
            "parabenfree": "False",
            "vendorarticleid": null,
            "containsgluten": "False",
            "containsnuts": "False",
            "ingredients": "Brussels Sprouts (100%).",
            "colour": null,
            "manufacturer": null,
            "sapcategoryno": "97",
            "storageinstructions": "Keep frozen at or below -18C.",
            "tgawarnings": null,
            "piesdepartmentnamesjson": "[\"Freezer\"]",
            "brand": "woolworths",
            "oilfree": null,
            "fragrance": null,
            "antibacterial": "False",
            "non-comedogenic": null,
            "antiseptic": "False",
            "bpafree": "False",
            "vendorcostprice": null,
            "description": "<p>The Woolworths Select range of frozen vegetables are snap frozen to lock in the freshness and flavour in a convenient and nutritious way to enjoy vegetables.</p>",
            "sweatresistant": null,
            "sapsubcategoryno": "103",
            "claims": null,
            "antioxidant": "False",
            "phbalanced": null,
            "wool_dietaryclaim": null,
            "ophthalmologisttested": null,
            "sulfatefree": "False",
            "servingsperpack-total-nip": null,
            "piescategorynamesjson": "[\"Frozen Vegetables\",\"Frozen Gluten Free\"]",
            "nutritionalinformation": "{\"Name\":\"Nutritional Information\",\"Attributes\":[{\"Id\":702,\"Name\":\"Calcium Quantity Per 100g - Total - NIP\",\"Value\":\"15mg\",\"Description\":\"Calcium Quantity Per 100g - Total - NIP\",\"SortOrder\":71},{\"Id\":47,\"Name\":\"Calcium Quantity Per Serve - Total - NIP\",\"Value\":\"11.25mg\",\"Description\":\"Calcium Quantity Per Serve - Total - NIP\",\"SortOrder\":75},{\"Id\":705,\"Name\":\"Carbohydrate Quantity Per 100g - Total - NIP\",\"Value\":\"2.20g\",\"Description\":\"Carbohydrate Quantity Per 100g - Total - NIP\",\"SortOrder\":83},{\"Id\":706,\"Name\":\"Carbohydrate Quantity Per Serve - Total - NIP\",\"Value\":\"1.60g\",\"Description\":\"Carbohydrate Quantity Per Serve - Total - NIP\",\"SortOrder\":87},{\"Id\":191,\"Name\":\"Dietary Fibre Quantity Per 100g - Total - NIP\",\"Value\":\"4.70g\",\"Description\":\"Dietary Fibre Quantity Per 100g - Total - NIP\",\"SortOrder\":175},{\"Id\":120,\"Name\":\"Dietary Fibre Quantity Per Serve - Total - NIP\",\"Value\":\"3.50g\",\"Description\":\"Dietary Fibre Quantity Per Serve - Total - NIP\",\"SortOrder\":179},{\"Id\":759,\"Name\":\"Energy kJ Quantity Per 100g - Total - NIP\",\"Value\":\"154.00kJ\",\"Description\":\"Energy kJ Quantity Per 100g - Total - NIP\",\"SortOrder\":239},{\"Id\":760,\"Name\":\"Energy kJ Quantity Per Serve - Total - NIP\",\"Value\":\"116.00kJ\",\"Description\":\"Energy kJ Quantity Per Serve - Total - NIP\",\"SortOrder\":243},{\"Id\":253,\"Name\":\"Fat Saturated Quantity Per 100g - Total - NIP\",\"Value\":\"<1.00g\",\"Description\":\"Fat Saturated Quantity Per 100g - Total - NIP\",\"SortOrder\":251},{\"Id\":258,\"Name\":\"Fat Saturated Quantity Per Serve - Total - NIP\",\"Value\":\"<0.80g\",\"Description\":\"Fat Saturated Quantity Per Serve - Total - NIP\",\"SortOrder\":255},{\"Id\":764,\"Name\":\"Fat Total Quantity Per 100g - Total - NIP\",\"Value\":\"<1.00g\",\"Description\":\"Fat Total Quantity Per 100g - Total - NIP\",\"SortOrder\":263},{\"Id\":166,\"Name\":\"Fat Total Quantity Per 100g - ValueWord - NIP\",\"Value\":\"1.00\",\"Description\":\"Fat Total Quantity Per 100g - ValueWord - NIP\",\"SortOrder\":264},{\"Id\":264,\"Name\":\"Fat Total Quantity Per Serve - Total - NIP\",\"Value\":\"<0.80g\",\"Description\":\"Fat Total Quantity Per Serve - Total - NIP\",\"SortOrder\":267},{\"Id\":443,\"Name\":\"Potassium Quantity Per 100g - Total - NIP\",\"Value\":\"380mg\",\"Description\":\"Potassium Quantity Per 100g - Total - NIP\",\"SortOrder\":575},{\"Id\":493,\"Name\":\"Potassium Quantity Per Serve - Total - NIP\",\"Value\":\"285mg\",\"Description\":\"Potassium Quantity Per Serve - Total - NIP\",\"SortOrder\":579},{\"Id\":878,\"Name\":\"Protein Quantity Per 100g - Total - NIP\",\"Value\":\"4.00g\",\"Description\":\"Protein Quantity Per 100g - Total - NIP\",\"SortOrder\":587},{\"Id\":882,\"Name\":\"Protein Quantity Per Serve - Total - NIP\",\"Value\":\"3.00g\",\"Description\":\"Protein Quantity Per Serve - Total - NIP\",\"SortOrder\":591},{\"Id\":477,\"Name\":\"Serving Size - Total - NIP\",\"Value\":\"75.00g\",\"Description\":\"Serving Size - Total - NIP\",\"SortOrder\":607},{\"Id\":544,\"Name\":\"Servings Per Pack - Total - NIP\",\"Value\":\"6.00\",\"Description\":\"Servings Per Pack - Total - NIP\",\"SortOrder\":611},{\"Id\":491,\"Name\":\"Sodium Quantity Per 100g - Total - NIP\",\"Value\":\"30.00mg\",\"Description\":\"Sodium Quantity Per 100g - Total - NIP\",\"SortOrder\":623},{\"Id\":495,\"Name\":\"Sodium Quantity Per Serve - Total - NIP\",\"Value\":\"22.00mg\",\"Description\":\"Sodium Quantity Per Serve - Total - NIP\",\"SortOrder\":627},{\"Id\":907,\"Name\":\"Sugars Quantity Per 100g - Prefix - NIP\",\"Value\":null,\"Description\":\"Sugars Quantity Per 100g - Prefix - NIP\",\"SortOrder\":645},{\"Id\":908,\"Name\":\"Sugars Quantity Per 100g - SuffixUnits - NIP\",\"Value\":\"g\",\"Description\":\"Sugars Quantity Per 100g - SuffixUnits - NIP\",\"SortOrder\":646},{\"Id\":909,\"Name\":\"Sugars Quantity Per 100g - Total - NIP\",\"Value\":\"2.20g\",\"Description\":\"Sugars Quantity Per 100g - Total - NIP\",\"SortOrder\":647},{\"Id\":910,\"Name\":\"Sugars Quantity Per 100g - ValueWord - NIP\",\"Value\":\"2.20\",\"Description\":\"Sugars Quantity Per 100g - ValueWord - NIP\",\"SortOrder\":648},{\"Id\":504,\"Name\":\"Sugars Quantity Per Serve - Prefix - NIP\",\"Value\":null,\"Description\":\"Sugars Quantity Per Serve - Prefix - NIP\",\"SortOrder\":649},{\"Id\":911,\"Name\":\"Sugars Quantity Per Serve - SuffixUnits - NIP\",\"Value\":\"g\",\"Description\":\"Sugars Quantity Per Serve - SuffixUnits - NIP\",\"SortOrder\":650},{\"Id\":912,\"Name\":\"Sugars Quantity Per Serve - Total - NIP\",\"Value\":\"1.60g\",\"Description\":\"Sugars Quantity Per Serve - Total - NIP\",\"SortOrder\":651},{\"Id\":572,\"Name\":\"Sugars Quantity Per Serve - ValueWord - NIP\",\"Value\":\"1.60\",\"Description\":\"Sugars Quantity Per Serve - ValueWord - NIP\",\"SortOrder\":652}]}",
            "ovencook": "False",
            "vegetarian": "False",
            "hypo-allergenic": null,
            "timer": null,
            "dermatologistrecommended": null,
            "sapdepartmentno": "5",
            "allergencontains": null,
            "waterresistant": null,
            "friendlydisclaimer": null,
            "recyclableinformation": null,
            "usageinstructions": null,
            "freezable": "False"
          },
          "DetailsImagePaths": [
            "https://cdn0.woolworths.media/content/wowproductimages/large/768583.jpg"
          ],
          "Variety": "Sprouts",
          "Rating": {
            "ReviewCount": 194,
            "RatingCount": 194,
            "RatingSum": 861,
            "OneStarCount": 7,
            "TwoStarCount": 4,
            "ThreeStarCount": 11,
            "FourStarCount": 47,
            "FiveStarCount": 125,
            "Average": 4.43814432989691,
            "OneStarPercentage": 3.60824742268041,
            "TwoStarPercentage": 2.06185567010309,
            "ThreeStarPercentage": 5.67010309278351,
            "FourStarPercentage": 24.2268041237113,
            "FiveStarPercentage": 64.4329896907217
          },
          "HasProductSubs": false,
          "IsSponsoredAd": false,
          "AdID": null,
          "AdIndex": null,
          "IsMarketProduct": false,
          "IsGiftable": false,
          "Vendor": null,
          "Untraceable": false,
          "ThirdPartyProductInfo": null,
          "MarketFeatures": null,
          "MarketSpecifications": null,
          "SupplyLimitSource": "StockQuantity",
          "Tags": [
            {
              "Content": {
                "Type": "Label",
                "Position": "Top",
                "Attributes": {
                  "Text": "LOW PRICE",
                  "Promotion": "LowPrice",
                  "BackgroundColor": "#c20016",
                  "BorderColor": "#c20016",
                  "TextColor": "#fff"
                }
              },
              "TemplateId": null,
              "Metadata": null
            }
          ],
          "IsPersonalisedByPurchaseHistory": false,
          "IsFromFacetedSearch": false,
          "NextAvailabilityDate": null,
          "NumberOfSubstitutes": 0,
          "IsPrimaryVariant": false,
          "VariantGroupId": 0,
          "HasVariants": false,
          "VariantTitle": null,
          "IsTobacco": false
        }
      ],
      "Name": "Woolworths Brussels Sprouts",
      "DisplayName": "Woolworths Brussels Sprouts 500g"
    },
    {
      "Products": [
        {
          "TileID": 0,
          "Stockcode": 768561,
          "Barcode": "9300633450342",
          "GtinFormat": 13,
          "CupPrice": 6.8,
          "InstoreCupPrice": 6.8,
          "CupMeasure": "1KG",
          "CupString": "$6.80 / 1KG",
          "InstoreCupString": "$6.80 / 1KG",
          "HasCupPrice": true,
          "InstoreHasCupPrice": true,
          "Price": 3.4,
          "InstorePrice": 3.4,
          "Name": "Woolworths Broccoli & Cauliflower",
          "DisplayName": "Woolworths Broccoli & Cauliflower 500g",
          "UrlFriendlyName": "woolworths-broccoli-cauliflower",
          "Description": " Woolworths Broccoli &<br>Cauliflower 500G",
          "SmallImageFile": "https://cdn0.woolworths.media/content/wowproductimages/small/768561.jpg",
          "MediumImageFile": "https://cdn0.woolworths.media/content/wowproductimages/medium/768561.jpg",
          "LargeImageFile": "https://cdn0.woolworths.media/content/wowproductimages/large/768561.jpg",
          "IsNew": false,
          "IsHalfPrice": false,
          "IsOnlineOnly": false,
          "IsOnSpecial": false,
          "InstoreIsOnSpecial": false,
          "IsEdrSpecial": false,
          "SavingsAmount": 0,
          "InstoreSavingsAmount": 0,
          "WasPrice": 3.4,
          "InstoreWasPrice": 3.4,
          "QuantityInTrolley": 0,
          "Unit": "Each",
          "MinimumQuantity": 1,
          "HasBeenBoughtBefore": false,
          "IsInTrolley": false,
          "Source": "Aisle.Freezer",
          "SupplyLimit": 40,
          "ProductLimit": 50,
          "MaxSupplyLimitMessage": "40 item(s) left",
          "IsRanged": true,
          "IsInStock": true,
          "PackageSize": "500G",
          "IsPmDelivery": true,
          "IsForCollection": true,
          "IsForDelivery": true,
          "IsForExpress": true,
          "ProductRestrictionMessage": null,
          "ProductWarningMessage": null,
          "CentreTag": {
            "TagContent": null,
            "TagLink": null,
            "FallbackText": null,
            "TagType": "None",
            "MultibuyData": null,
            "TagContentText": null,
            "DualImageTagContent": null,
            "PromotionType": "NOT_SET",
            "IsRegisteredRewardCardPromotion": false
          },
          "IsCentreTag": false,
          "ImageTag": {
            "TagContent": null,
            "TagLink": null,
            "FallbackText": "",
            "TagType": "None",
            "MultibuyData": null,
            "TagContentText": null,
            "DualImageTagContent": null,
            "PromotionType": "NOT_SET",
            "IsRegisteredRewardCardPromotion": false
          },
          "HeaderTag": {
            "BackgroundColor": "#c20016",
            "BorderColor": "#c20016",
            "TextColor": "#fff",
            "Content": "LOW PRICE",
            "TagLink": null,
            "Promotion": "LowPrice"
          },
          "HasHeaderTag": true,
          "UnitWeightInGrams": 0,
          "SupplyLimitMessage": "'Woolworths Broccoli & Cauliflower' has a supply limit of 40. The quantity in your cart has been reduced accordingly. To purchase a larger quantity, please contact us on 1800 000 610. Please note we do not supply trade orders.",
          "SmallFormatDescription": "Woolworths Broccoli & Cauliflower",
          "FullDescription": "Woolworths Broccoli & Cauliflower",
          "IsAvailable": true,
          "InstoreIsAvailable": true,
          "IsPurchasable": true,
          "InstoreIsPurchasable": true,
          "AgeRestricted": false,
          "DisplayQuantity": 1,
          "RichDescription": null,
          "HideWasSavedPrice": false,
          "SapCategories": null,
          "Brand": "Woolworths",
          "IsRestrictedByDeliveryMethod": false,
          "FooterTag": {
            "TagContent": "Lower Price Always",
            "TagLink": null,
            "FallbackText": null,
            "TagType": "Html",
            "MultibuyData": null,
            "TagContentText": null,
            "DualImageTagContent": null,
            "PromotionType": "NOT_SET",
            "IsRegisteredRewardCardPromotion": false
          },
          "IsFooterEnabled": true,
          "Diagnostics": "17",
          "IsBundle": false,
          "IsInFamily": false,
          "ChildProducts": null,
          "UrlOverride": null,
          "AdditionalAttributes": {
            "boxedcontents": null,
            "addedvitaminsandminerals": "False",
            "sapdepartmentname": "GROCERIES",
            "spf": null,
            "haircolour": null,
            "lifestyleanddietarystatement": "Low Sugar",
            "sapcategoryname": "FROZEN MEALS",
            "skintype": null,
            "importantinformation": null,
            "allergystatement": "Wheat Free",
            "productdepthmm": null,
            "skincondition": null,
            "ophthalmologistapproved": null,
            "healthstarrating": "5",
            "hairtype": null,
            "fragrance-free": null,
            "sapsegmentname": "MIXED VEGETABLES",
            "suitablefor": null,
            "PiesProductDepartmentsjson": "[{\"Id\":\"1_ACA2FC2\",\"Description\":\"Freezer\"},{\"Id\":\"1_D5A2236\",\"Description\":\"Poultry, Meat & Seafood\"}]",
            "piessubcategorynamesjson": "[\"Mixed Vegetables\",\"Gluten Free\"]",
            "sapsegmentno": "12",
            "productwidthmm": null,
            "contains": null,
            "sapsubcategoryname": "FREEZER - VEGETABLES",
            "dermatologisttested": null,
            "wool_productpackaging": null,
            "dermatologicallyapproved": null,
            "specialsgroupid": null,
            "productimages": "768561.jpg,768561_1.jpg,768561_2.jpg",
            "productheightmm": null,
            "r&r_hidereviews": null,
            "microwavesafe": "False",
            "paba-free": null,
            "lifestyleclaim": null,
            "alcoholfree": null,
            "tgawarning": null,
            "activeconstituents": null,
            "microwaveable": "False",
            "soap-free": null,
            "countryoforigin": null,
            "isexcludedfromsubstitution": "False",
            "productimagecount": "3",
            "r&r_loggedinreviews": null,
            "anti-dandruff": null,
            "servingsize-total-nip": null,
            "tgahealthwarninglink": null,
            "allergenmaybepresent": null,
            "PiesProductDepartmentNodeId": "1_ACA2FC2",
            "parabenfree": "False",
            "vendorarticleid": null,
            "containsgluten": "False",
            "containsnuts": "False",
            "ingredients": "Cauliflower Florets, Broccoli Florets.",
            "colour": null,
            "manufacturer": null,
            "sapcategoryno": "97",
            "storageinstructions": "Keep frozen at or below -18oC.",
            "tgawarnings": null,
            "piesdepartmentnamesjson": "[\"Freezer\",\"Poultry, Meat & Seafood\"]",
            "brand": "woolworths",
            "oilfree": null,
            "fragrance": null,
            "antibacterial": "False",
            "non-comedogenic": null,
            "antiseptic": "False",
            "bpafree": "False",
            "vendorcostprice": null,
            "description": "<p>- Source of fibre for healthy digestion (As part of a healthy balanced diet).  - Source of Vitamin C for a healthy immune system (As part of a healthy balanced diet).  We're committed to bringing you good quality food. That's why all our products are tested by Woolworths shoppers, just like you.  1 serve of vegetables= 12 cup  One serve of vegetables is equal to approximately 75g. Australian Dietary Guidelines recommend 5 serves of vegetables per day.</p>",
            "sweatresistant": null,
            "sapsubcategoryno": "103",
            "claims": null,
            "antioxidant": "False",
            "phbalanced": null,
            "wool_dietaryclaim": null,
            "ophthalmologisttested": null,
            "sulfatefree": "False",
            "servingsperpack-total-nip": null,
            "piescategorynamesjson": "[\"Frozen Vegetables\",\"Frozen Gluten Free\"]",
            "nutritionalinformation": "{\"Name\":\"Nutritional Information\",\"Attributes\":[{\"Id\":702,\"Name\":\"Calcium Quantity Per 100g - Total - NIP\",\"Value\":\"26mg\",\"Description\":\"Calcium Quantity Per 100g - Total - NIP\",\"SortOrder\":71},{\"Id\":47,\"Name\":\"Calcium Quantity Per Serve - Total - NIP\",\"Value\":\"19.5mg\",\"Description\":\"Calcium Quantity Per Serve - Total - NIP\",\"SortOrder\":75},{\"Id\":705,\"Name\":\"Carbohydrate Quantity Per 100g - Total - NIP\",\"Value\":\"2.30g\",\"Description\":\"Carbohydrate Quantity Per 100g - Total - NIP\",\"SortOrder\":83},{\"Id\":706,\"Name\":\"Carbohydrate Quantity Per Serve - Total - NIP\",\"Value\":\"1.70g\",\"Description\":\"Carbohydrate Quantity Per Serve - Total - NIP\",\"SortOrder\":87},{\"Id\":191,\"Name\":\"Dietary Fibre Quantity Per 100g - Total - NIP\",\"Value\":\"1.90g\",\"Description\":\"Dietary Fibre Quantity Per 100g - Total - NIP\",\"SortOrder\":175},{\"Id\":120,\"Name\":\"Dietary Fibre Quantity Per Serve - Total - NIP\",\"Value\":\"1.40g\",\"Description\":\"Dietary Fibre Quantity Per Serve - Total - NIP\",\"SortOrder\":179},{\"Id\":759,\"Name\":\"Energy kJ Quantity Per 100g - Total - NIP\",\"Value\":\"105.00kJ\",\"Description\":\"Energy kJ Quantity Per 100g - Total - NIP\",\"SortOrder\":239},{\"Id\":760,\"Name\":\"Energy kJ Quantity Per Serve - Total - NIP\",\"Value\":\"79.00kJ\",\"Description\":\"Energy kJ Quantity Per Serve - Total - NIP\",\"SortOrder\":243},{\"Id\":253,\"Name\":\"Fat Saturated Quantity Per 100g - Total - NIP\",\"Value\":\"<1.00g\",\"Description\":\"Fat Saturated Quantity Per 100g - Total - NIP\",\"SortOrder\":251},{\"Id\":258,\"Name\":\"Fat Saturated Quantity Per Serve - Total - NIP\",\"Value\":\"<0.80g\",\"Description\":\"Fat Saturated Quantity Per Serve - Total - NIP\",\"SortOrder\":255},{\"Id\":764,\"Name\":\"Fat Total Quantity Per 100g - Total - NIP\",\"Value\":\"<1.00g\",\"Description\":\"Fat Total Quantity Per 100g - Total - NIP\",\"SortOrder\":263},{\"Id\":166,\"Name\":\"Fat Total Quantity Per 100g - ValueWord - NIP\",\"Value\":\"1.00\",\"Description\":\"Fat Total Quantity Per 100g - ValueWord - NIP\",\"SortOrder\":264},{\"Id\":264,\"Name\":\"Fat Total Quantity Per Serve - Total - NIP\",\"Value\":\"<0.80g\",\"Description\":\"Fat Total Quantity Per Serve - Total - NIP\",\"SortOrder\":267},{\"Id\":402,\"Name\":\"Monounsaturated Quantity Per 100g - Total - NIP\",\"Value\":\"0.02g\",\"Description\":\"Monounsaturated Quantity Per 100g - Total - NIP\",\"SortOrder\":479},{\"Id\":834,\"Name\":\"Monounsaturated Quantity Per Serve - Total - NIP\",\"Value\":\"0.02g\",\"Description\":\"Monounsaturated Quantity Per Serve - Total - NIP\",\"SortOrder\":483},{\"Id\":434,\"Name\":\"Polyunsaturated Quantity Per 100g - Total - NIP\",\"Value\":\"0.04g\",\"Description\":\"Polyunsaturated Quantity Per 100g - Total - NIP\",\"SortOrder\":563},{\"Id\":435,\"Name\":\"Polyunsaturated Quantity Per Serve - Total - NIP\",\"Value\":\"0.03g\",\"Description\":\"Polyunsaturated Quantity Per Serve - Total - NIP\",\"SortOrder\":567},{\"Id\":443,\"Name\":\"Potassium Quantity Per 100g - Total - NIP\",\"Value\":\"259mg\",\"Description\":\"Potassium Quantity Per 100g - Total - NIP\",\"SortOrder\":575},{\"Id\":493,\"Name\":\"Potassium Quantity Per Serve - Total - NIP\",\"Value\":\"194.25mg\",\"Description\":\"Potassium Quantity Per Serve - Total - NIP\",\"SortOrder\":579},{\"Id\":878,\"Name\":\"Protein Quantity Per 100g - Total - NIP\",\"Value\":\"2.50g\",\"Description\":\"Protein Quantity Per 100g - Total - NIP\",\"SortOrder\":587},{\"Id\":882,\"Name\":\"Protein Quantity Per Serve - Total - NIP\",\"Value\":\"1.90g\",\"Description\":\"Protein Quantity Per Serve - Total - NIP\",\"SortOrder\":591},{\"Id\":477,\"Name\":\"Serving Size - Total - NIP\",\"Value\":\"75.00g\",\"Description\":\"Serving Size - Total - NIP\",\"SortOrder\":607},{\"Id\":544,\"Name\":\"Servings Per Pack - Total - NIP\",\"Value\":\"6.00\",\"Description\":\"Servings Per Pack - Total - NIP\",\"SortOrder\":611},{\"Id\":491,\"Name\":\"Sodium Quantity Per 100g - Total - NIP\",\"Value\":\"27.00mg\",\"Description\":\"Sodium Quantity Per 100g - Total - NIP\",\"SortOrder\":623},{\"Id\":495,\"Name\":\"Sodium Quantity Per Serve - Total - NIP\",\"Value\":\"20.00mg\",\"Description\":\"Sodium Quantity Per Serve - Total - NIP\",\"SortOrder\":627},{\"Id\":907,\"Name\":\"Sugars Quantity Per 100g - Prefix - NIP\",\"Value\":null,\"Description\":\"Sugars Quantity Per 100g - Prefix - NIP\",\"SortOrder\":645},{\"Id\":908,\"Name\":\"Sugars Quantity Per 100g - SuffixUnits - NIP\",\"Value\":\"g\",\"Description\":\"Sugars Quantity Per 100g - SuffixUnits - NIP\",\"SortOrder\":646},{\"Id\":909,\"Name\":\"Sugars Quantity Per 100g - Total - NIP\",\"Value\":\"2.00g\",\"Description\":\"Sugars Quantity Per 100g - Total - NIP\",\"SortOrder\":647},{\"Id\":910,\"Name\":\"Sugars Quantity Per 100g - ValueWord - NIP\",\"Value\":\"2.00\",\"Description\":\"Sugars Quantity Per 100g - ValueWord - NIP\",\"SortOrder\":648},{\"Id\":504,\"Name\":\"Sugars Quantity Per Serve - Prefix - NIP\",\"Value\":null,\"Description\":\"Sugars Quantity Per Serve - Prefix - NIP\",\"SortOrder\":649},{\"Id\":911,\"Name\":\"Sugars Quantity Per Serve - SuffixUnits - NIP\",\"Value\":\"g\",\"Description\":\"Sugars Quantity Per Serve - SuffixUnits - NIP\",\"SortOrder\":650},{\"Id\":912,\"Name\":\"Sugars Quantity Per Serve - Total - NIP\",\"Value\":\"1.50g\",\"Description\":\"Sugars Quantity Per Serve - Total - NIP\",\"SortOrder\":651},{\"Id\":572,\"Name\":\"Sugars Quantity Per Serve - ValueWord - NIP\",\"Value\":\"1.50\",\"Description\":\"Sugars Quantity Per Serve - ValueWord - NIP\",\"SortOrder\":652},{\"Id\":593,\"Name\":\"Trans Quantity Per 100g - Total - NIP\",\"Value\":\"0.06mg\",\"Description\":\"Trans Quantity Per 100g - Total - NIP\",\"SortOrder\":667},{\"Id\":510,\"Name\":\"Trans Quantity Per Serve - Total - NIP\",\"Value\":\"0.05mg\",\"Description\":\"Trans Quantity Per Serve - Total - NIP\",\"SortOrder\":671}]}",
            "ovencook": "False",
            "vegetarian": "False",
            "hypo-allergenic": null,
            "timer": null,
            "dermatologistrecommended": null,
            "sapdepartmentno": "5",
            "allergencontains": null,
            "waterresistant": null,
            "friendlydisclaimer": null,
            "recyclableinformation": null,
            "usageinstructions": null,
            "freezable": "False"
          },
          "DetailsImagePaths": [
            "https://cdn0.woolworths.media/content/wowproductimages/large/768561.jpg"
          ],
          "Variety": "Cauliflower",
          "Rating": {
            "ReviewCount": 898,
            "RatingCount": 898,
            "RatingSum": 4007,
            "OneStarCount": 6,
            "TwoStarCount": 19,
            "ThreeStarCount": 67,
            "FourStarCount": 268,
            "FiveStarCount": 538,
            "Average": 4.46213808463252,
            "OneStarPercentage": 0.66815144766147,
            "TwoStarPercentage": 2.11581291759465,
            "ThreeStarPercentage": 7.46102449888641,
            "FourStarPercentage": 29.8440979955457,
            "FiveStarPercentage": 59.9109131403118
          },
          "HasProductSubs": false,
          "IsSponsoredAd": false,
          "AdID": null,
          "AdIndex": null,
          "IsMarketProduct": false,
          "IsGiftable": false,
          "Vendor": null,
          "Untraceable": false,
          "ThirdPartyProductInfo": null,
          "MarketFeatures": null,
          "MarketSpecifications": null,
          "SupplyLimitSource": "StockQuantity",
          "Tags": [
            {
              "Content": {
                "Type": "Label",
                "Position": "Top",
                "Attributes": {
                  "Text": "LOW PRICE",
                  "Promotion": "LowPrice",
                  "BackgroundColor": "#c20016",
                  "BorderColor": "#c20016",
                  "TextColor": "#fff"
                }
              },
              "TemplateId": null,
              "Metadata": null
            }
          ],
          "IsPersonalisedByPurchaseHistory": false,
          "IsFromFacetedSearch": false,
          "NextAvailabilityDate": null,
          "NumberOfSubstitutes": 0,
          "IsPrimaryVariant": false,
          "VariantGroupId": 0,
          "HasVariants": false,
          "VariantTitle": null,
          "IsTobacco": false
        }
      ],
      "Name": "Woolworths Broccoli & Cauliflower",
      "DisplayName": "Woolworths Broccoli & Cauliflower 500g"
    },
    {
      "Products": [
        {
          "TileID": 0,
          "Stockcode": 120138,
          "Barcode": "9339687212255",
          "GtinFormat": 13,
          "CupPrice": 4.2,
          "InstoreCupPrice": 4.2,
          "CupMeasure": "1KG",
          "CupString": "$4.20 / 1KG",
          "InstoreCupString": "$4.20 / 1KG",
          "HasCupPrice": true,
          "InstoreHasCupPrice": true,
          "Price": 4.2,
          "InstorePrice": 4.2,
          "Name": "Bell Farms Snap Frozen Winter Veggies",
          "DisplayName": "Bell Farms Snap Frozen Winter Veggies 1kg",
          "UrlFriendlyName": "bell-farms-snap-frozen-winter-veggies",
          "Description": " Bell Farms Snap Frozen<br>Winter Veggies  1Kg",
          "SmallImageFile": "https://cdn0.woolworths.media/content/wowproductimages/small/120138.jpg",
          "MediumImageFile": "https://cdn0.woolworths.media/content/wowproductimages/medium/120138.jpg",
          "LargeImageFile": "https://cdn0.woolworths.media/content/wowproductimages/large/120138.jpg",
          "IsNew": false,
          "IsHalfPrice": false,
          "IsOnlineOnly": false,
          "IsOnSpecial": false,
          "InstoreIsOnSpecial": false,
          "IsEdrSpecial": false,
          "SavingsAmount": 0,
          "InstoreSavingsAmount": 0,
          "WasPrice": 4.2,
          "InstoreWasPrice": 4.2,
          "QuantityInTrolley": 0,
          "Unit": "Each",
          "MinimumQuantity": 1,
          "HasBeenBoughtBefore": false,
          "IsInTrolley": false,
          "Source": "Aisle.Freezer",
          "SupplyLimit": 15,
          "ProductLimit": 50,
          "MaxSupplyLimitMessage": "15 item(s) left",
          "IsRanged": true,
          "IsInStock": true,
          "PackageSize": "1Kg",
          "IsPmDelivery": false,
          "IsForCollection": true,
          "IsForDelivery": true,
          "IsForExpress": true,
          "ProductRestrictionMessage": null,
          "ProductWarningMessage": null,
          "CentreTag": {
            "TagContent": null,
            "TagLink": null,
            "FallbackText": null,
            "TagType": "None",
            "MultibuyData": null,
            "TagContentText": null,
            "DualImageTagContent": null,
            "PromotionType": "NOT_SET",
            "IsRegisteredRewardCardPromotion": false
          },
          "IsCentreTag": false,
          "ImageTag": {
            "TagContent": null,
            "TagLink": null,
            "FallbackText": "",
            "TagType": "None",
            "MultibuyData": null,
            "TagContentText": null,
            "DualImageTagContent": null,
            "PromotionType": "NOT_SET",
            "IsRegisteredRewardCardPromotion": false
          },
          "HeaderTag": {
            "BackgroundColor": "#c20016",
            "BorderColor": "#c20016",
            "TextColor": "#fff",
            "Content": "LOW PRICE",
            "TagLink": null,
            "Promotion": "LowPrice"
          },
          "HasHeaderTag": true,
          "UnitWeightInGrams": 0,
          "SupplyLimitMessage": "'Bell Farms Snap Frozen Winter Veggies' has a supply limit of 15. The quantity in your cart has been reduced accordingly. To purchase a larger quantity, please contact us on 1800 000 610. Please note we do not supply trade orders.",
          "SmallFormatDescription": "Bell Farms Snap Frozen Winter Veggies ",
          "FullDescription": "Bell Farms Snap Frozen Winter Veggies ",
          "IsAvailable": true,
          "InstoreIsAvailable": true,
          "IsPurchasable": true,
          "InstoreIsPurchasable": true,
          "AgeRestricted": false,
          "DisplayQuantity": 1,
          "RichDescription": null,
          "HideWasSavedPrice": false,
          "SapCategories": null,
          "Brand": "Bell Farms",
          "IsRestrictedByDeliveryMethod": false,
          "FooterTag": {
            "TagContent": "Lower Price Always",
            "TagLink": null,
            "FallbackText": null,
            "TagType": "Html",
            "MultibuyData": null,
            "TagContentText": null,
            "DualImageTagContent": null,
            "PromotionType": "NOT_SET",
            "IsRegisteredRewardCardPromotion": false
          },
          "IsFooterEnabled": true,
          "Diagnostics": "18",
          "IsBundle": false,
          "IsInFamily": false,
          "ChildProducts": null,
          "UrlOverride": null,
          "AdditionalAttributes": {
            "boxedcontents": null,
            "addedvitaminsandminerals": "False",
            "sapdepartmentname": "GROCERIES",
            "spf": null,
            "haircolour": null,
            "lifestyleanddietarystatement": "Low Salt",
            "sapcategoryname": "FROZEN MEALS",
            "skintype": null,
            "importantinformation": null,
            "allergystatement": "Wheat Free",
            "productdepthmm": null,
            "skincondition": null,
            "ophthalmologistapproved": null,
            "healthstarrating": "5",
            "hairtype": null,
            "fragrance-free": null,
            "sapsegmentname": "MIXED VEGETABLES",
            "suitablefor": null,
            "PiesProductDepartmentsjson": "[{\"Id\":\"1_ACA2FC2\",\"Description\":\"Freezer\"}]",
            "piessubcategorynamesjson": "[\"Mixed Vegetables\",\"Gluten Free\"]",
            "sapsegmentno": "12",
            "productwidthmm": null,
            "contains": null,
            "sapsubcategoryname": "FREEZER - VEGETABLES",
            "dermatologisttested": null,
            "wool_productpackaging": null,
            "dermatologicallyapproved": null,
            "specialsgroupid": null,
            "productimages": "120138.jpg,120138_2.jpg",
            "productheightmm": null,
            "r&r_hidereviews": null,
            "microwavesafe": "False",
            "paba-free": null,
            "lifestyleclaim": null,
            "alcoholfree": null,
            "tgawarning": null,
            "activeconstituents": null,
            "microwaveable": "False",
            "soap-free": null,
            "countryoforigin": null,
            "isexcludedfromsubstitution": "False",
            "productimagecount": "2",
            "r&r_loggedinreviews": null,
            "anti-dandruff": null,
            "servingsize-total-nip": null,
            "tgahealthwarninglink": null,
            "allergenmaybepresent": null,
            "PiesProductDepartmentNodeId": "1_ACA2FC2",
            "parabenfree": "False",
            "vendorarticleid": null,
            "containsgluten": "False",
            "containsnuts": "False",
            "ingredients": "Broccoli, Carrot, Cauliflower, Green Beans",
            "colour": null,
            "manufacturer": null,
            "sapcategoryno": "97",
            "storageinstructions": "Keep Frozen",
            "tgawarnings": null,
            "piesdepartmentnamesjson": "[\"Freezer\"]",
            "brand": "bell farms",
            "oilfree": null,
            "fragrance": null,
            "antibacterial": "False",
            "non-comedogenic": null,
            "antiseptic": "False",
            "bpafree": "False",
            "vendorcostprice": null,
            "description": null,
            "sweatresistant": null,
            "sapsubcategoryno": "103",
            "claims": null,
            "antioxidant": "False",
            "phbalanced": null,
            "wool_dietaryclaim": null,
            "ophthalmologisttested": null,
            "sulfatefree": "False",
            "servingsperpack-total-nip": null,
            "piescategorynamesjson": "[\"Frozen Vegetables\",\"Frozen Gluten Free\"]",
            "nutritionalinformation": "{\"Name\":\"Nutritional Information\",\"Attributes\":[{\"Id\":705,\"Name\":\"Carbohydrate Quantity Per 100g - Total - NIP\",\"Value\":\"Approx.4.1g\",\"Description\":\"Carbohydrate Quantity Per 100g - Total - NIP\",\"SortOrder\":83},{\"Id\":706,\"Name\":\"Carbohydrate Quantity Per Serve - Total - NIP\",\"Value\":\"Approx.3.1g\",\"Description\":\"Carbohydrate Quantity Per Serve - Total - NIP\",\"SortOrder\":87},{\"Id\":191,\"Name\":\"Dietary Fibre Quantity Per 100g - Total - NIP\",\"Value\":\"Approx.3g\",\"Description\":\"Dietary Fibre Quantity Per 100g - Total - NIP\",\"SortOrder\":175},{\"Id\":120,\"Name\":\"Dietary Fibre Quantity Per Serve - Total - NIP\",\"Value\":\"Approx.2.3g\",\"Description\":\"Dietary Fibre Quantity Per Serve - Total - NIP\",\"SortOrder\":179},{\"Id\":759,\"Name\":\"Energy kJ Quantity Per 100g - Total - NIP\",\"Value\":\"Approx.137kJ\",\"Description\":\"Energy kJ Quantity Per 100g - Total - NIP\",\"SortOrder\":239},{\"Id\":760,\"Name\":\"Energy kJ Quantity Per Serve - Total - NIP\",\"Value\":\"Approx.103kJ\",\"Description\":\"Energy kJ Quantity Per Serve - Total - NIP\",\"SortOrder\":243},{\"Id\":253,\"Name\":\"Fat Saturated Quantity Per 100g - Total - NIP\",\"Value\":\"<1g\",\"Description\":\"Fat Saturated Quantity Per 100g - Total - NIP\",\"SortOrder\":251},{\"Id\":258,\"Name\":\"Fat Saturated Quantity Per Serve - Total - NIP\",\"Value\":\"<1g\",\"Description\":\"Fat Saturated Quantity Per Serve - Total - NIP\",\"SortOrder\":255},{\"Id\":764,\"Name\":\"Fat Total Quantity Per 100g - Total - NIP\",\"Value\":\"<1g\",\"Description\":\"Fat Total Quantity Per 100g - Total - NIP\",\"SortOrder\":263},{\"Id\":166,\"Name\":\"Fat Total Quantity Per 100g - ValueWord - NIP\",\"Value\":\"1\",\"Description\":\"Fat Total Quantity Per 100g - ValueWord - NIP\",\"SortOrder\":264},{\"Id\":264,\"Name\":\"Fat Total Quantity Per Serve - Total - NIP\",\"Value\":\"<1g\",\"Description\":\"Fat Total Quantity Per Serve - Total - NIP\",\"SortOrder\":267},{\"Id\":878,\"Name\":\"Protein Quantity Per 100g - Total - NIP\",\"Value\":\"Approx.1.9g\",\"Description\":\"Protein Quantity Per 100g - Total - NIP\",\"SortOrder\":587},{\"Id\":882,\"Name\":\"Protein Quantity Per Serve - Total - NIP\",\"Value\":\"Approx.1.4g\",\"Description\":\"Protein Quantity Per Serve - Total - NIP\",\"SortOrder\":591},{\"Id\":477,\"Name\":\"Serving Size - Total - NIP\",\"Value\":\"75g\",\"Description\":\"Serving Size - Total - NIP\",\"SortOrder\":607},{\"Id\":491,\"Name\":\"Sodium Quantity Per 100g - Total - NIP\",\"Value\":\"Approx.19mg\",\"Description\":\"Sodium Quantity Per 100g - Total - NIP\",\"SortOrder\":623},{\"Id\":495,\"Name\":\"Sodium Quantity Per Serve - Total - NIP\",\"Value\":\"Approx.14mg\",\"Description\":\"Sodium Quantity Per Serve - Total - NIP\",\"SortOrder\":627},{\"Id\":907,\"Name\":\"Sugars Quantity Per 100g - Prefix - NIP\",\"Value\":\"Approx.\",\"Description\":\"Sugars Quantity Per 100g - Prefix - NIP\",\"SortOrder\":645},{\"Id\":908,\"Name\":\"Sugars Quantity Per 100g - SuffixUnits - NIP\",\"Value\":\"g\",\"Description\":\"Sugars Quantity Per 100g - SuffixUnits - NIP\",\"SortOrder\":646},{\"Id\":909,\"Name\":\"Sugars Quantity Per 100g - Total - NIP\",\"Value\":\"Approx.2.8g\",\"Description\":\"Sugars Quantity Per 100g - Total - NIP\",\"SortOrder\":647},{\"Id\":910,\"Name\":\"Sugars Quantity Per 100g - ValueWord - NIP\",\"Value\":\"2.8\",\"Description\":\"Sugars Quantity Per 100g - ValueWord - NIP\",\"SortOrder\":648},{\"Id\":504,\"Name\":\"Sugars Quantity Per Serve - Prefix - NIP\",\"Value\":\"Approx.\",\"Description\":\"Sugars Quantity Per Serve - Prefix - NIP\",\"SortOrder\":649},{\"Id\":911,\"Name\":\"Sugars Quantity Per Serve - SuffixUnits - NIP\",\"Value\":\"g\",\"Description\":\"Sugars Quantity Per Serve - SuffixUnits - NIP\",\"SortOrder\":650},{\"Id\":912,\"Name\":\"Sugars Quantity Per Serve - Total - NIP\",\"Value\":\"Approx.2.1g\",\"Description\":\"Sugars Quantity Per Serve - Total - NIP\",\"SortOrder\":651},{\"Id\":572,\"Name\":\"Sugars Quantity Per Serve - ValueWord - NIP\",\"Value\":\"2.1\",\"Description\":\"Sugars Quantity Per Serve - ValueWord - NIP\",\"SortOrder\":652}]}",
            "ovencook": "False",
            "vegetarian": "False",
            "hypo-allergenic": null,
            "timer": null,
            "dermatologistrecommended": null,
            "sapdepartmentno": "5",
            "allergencontains": null,
            "waterresistant": null,
            "friendlydisclaimer": null,
            "recyclableinformation": null,
            "usageinstructions": null,
            "freezable": "False"
          },
          "DetailsImagePaths": [
            "https://cdn0.woolworths.media/content/wowproductimages/large/120138.jpg"
          ],
          "Variety": null,
          "Rating": {
            "ReviewCount": 698,
            "RatingCount": 698,
            "RatingSum": 2783,
            "OneStarCount": 19,
            "TwoStarCount": 33,
            "ThreeStarCount": 105,
            "FourStarCount": 322,
            "FiveStarCount": 219,
            "Average": 3.98710601719198,
            "OneStarPercentage": 2.72206303724928,
            "TwoStarPercentage": 4.72779369627507,
            "ThreeStarPercentage": 15.0429799426934,
            "FourStarPercentage": 46.1318051575931,
            "FiveStarPercentage": 31.3753581661891
          },
          "HasProductSubs": false,
          "IsSponsoredAd": false,
          "AdID": null,
          "AdIndex": null,
          "IsMarketProduct": false,
          "IsGiftable": false,
          "Vendor": null,
          "Untraceable": false,
          "ThirdPartyProductInfo": null,
          "MarketFeatures": null,
          "MarketSpecifications": null,
          "SupplyLimitSource": "StockQuantity",
          "Tags": [
            {
              "Content": {
                "Type": "Label",
                "Position": "Top",
                "Attributes": {
                  "Text": "LOW PRICE",
                  "Promotion": "LowPrice",
                  "BackgroundColor": "#c20016",
                  "BorderColor": "#c20016",
                  "TextColor": "#fff"
                }
              },
              "TemplateId": null,
              "Metadata": null
            }
          ],
          "IsPersonalisedByPurchaseHistory": false,
          "IsFromFacetedSearch": false,
          "NextAvailabilityDate": null,
          "NumberOfSubstitutes": 0,
          "IsPrimaryVariant": false,
          "VariantGroupId": 0,
          "HasVariants": false,
          "VariantTitle": null,
          "IsTobacco": false
        }
      ],
      "Name": "Bell Farms Snap Frozen Winter Veggies",
      "DisplayName": "Bell Farms Snap Frozen Winter Veggies 1kg"
    },
    {
      "Products": [
        {
          "TileID": 0,
          "Stockcode": 54233,
          "Barcode": "9310174006236",
          "GtinFormat": 13,
          "CupPrice": 8,
          "InstoreCupPrice": 8,
          "CupMeasure": "1KG",
          "CupString": "$8.00 / 1KG",
          "InstoreCupString": "$8.00 / 1KG",
          "HasCupPrice": true,
          "InstoreHasCupPrice": true,
          "Price": 4,
          "InstorePrice": 4,
          "Name": "Mccain Mixed Vegetables Peas Corn & Carrot",
          "DisplayName": "Mccain Mixed Vegetables Peas Corn & Carrot 500g",
          "UrlFriendlyName": "mccain-mixed-vegetables-peas-corn-carrot",
          "Description": " Mccain Mixed Vegetables Peas<br>Corn & Carrot 500G",
          "SmallImageFile": "https://cdn0.woolworths.media/content/wowproductimages/small/054233.jpg",
          "MediumImageFile": "https://cdn0.woolworths.media/content/wowproductimages/medium/054233.jpg",
          "LargeImageFile": "https://cdn0.woolworths.media/content/wowproductimages/large/054233.jpg",
          "IsNew": false,
          "IsHalfPrice": false,
          "IsOnlineOnly": false,
          "IsOnSpecial": false,
          "InstoreIsOnSpecial": false,
          "IsEdrSpecial": false,
          "SavingsAmount": 0,
          "InstoreSavingsAmount": 0,
          "WasPrice": 4,
          "InstoreWasPrice": 4,
          "QuantityInTrolley": 0,
          "Unit": "Each",
          "MinimumQuantity": 1,
          "HasBeenBoughtBefore": false,
          "IsInTrolley": false,
          "Source": "Aisle.Freezer",
          "SupplyLimit": 37,
          "ProductLimit": 50,
          "MaxSupplyLimitMessage": "37 item(s) left",
          "IsRanged": true,
          "IsInStock": true,
          "PackageSize": "500G",
          "IsPmDelivery": true,
          "IsForCollection": true,
          "IsForDelivery": true,
          "IsForExpress": true,
          "ProductRestrictionMessage": null,
          "ProductWarningMessage": null,
          "CentreTag": {
            "TagContent": null,
            "TagLink": null,
            "FallbackText": null,
            "TagType": "None",
            "MultibuyData": null,
            "TagContentText": null,
            "DualImageTagContent": null,
            "PromotionType": "NOT_SET",
            "IsRegisteredRewardCardPromotion": false
          },
          "IsCentreTag": false,
          "ImageTag": {
            "TagContent": null,
            "TagLink": null,
            "FallbackText": "",
            "TagType": "None",
            "MultibuyData": null,
            "TagContentText": null,
            "DualImageTagContent": null,
            "PromotionType": "NOT_SET",
            "IsRegisteredRewardCardPromotion": false
          },
          "HeaderTag": {
            "BackgroundColor": "#c20016",
            "BorderColor": "#c20016",
            "TextColor": "#fff",
            "Content": "LOW PRICE",
            "TagLink": null,
            "Promotion": "LowPrice"
          },
          "HasHeaderTag": true,
          "UnitWeightInGrams": 0,
          "SupplyLimitMessage": "'Mccain Mixed Vegetables Peas Corn & Carrot' has a supply limit of 37. The quantity in your cart has been reduced accordingly. To purchase a larger quantity, please contact us on 1800 000 610. Please note we do not supply trade orders.",
          "SmallFormatDescription": "Mccain Mixed Vegetables Peas Corn & Carrot",
          "FullDescription": "Mccain Mixed Vegetables Peas Corn & Carrot",
          "IsAvailable": true,
          "InstoreIsAvailable": true,
          "IsPurchasable": true,
          "InstoreIsPurchasable": true,
          "AgeRestricted": false,
          "DisplayQuantity": 1,
          "RichDescription": null,
          "HideWasSavedPrice": false,
          "SapCategories": null,
          "Brand": "McCain",
          "IsRestrictedByDeliveryMethod": false,
          "FooterTag": {
            "TagContent": "Lower Price Always",
            "TagLink": null,
            "FallbackText": null,
            "TagType": "Html",
            "MultibuyData": null,
            "TagContentText": null,
            "DualImageTagContent": null,
            "PromotionType": "NOT_SET",
            "IsRegisteredRewardCardPromotion": false
          },
          "IsFooterEnabled": true,
          "Diagnostics": "19",
          "IsBundle": false,
          "IsInFamily": false,
          "ChildProducts": null,
          "UrlOverride": null,
          "AdditionalAttributes": {
            "boxedcontents": null,
            "addedvitaminsandminerals": "False",
            "sapdepartmentname": "GROCERIES",
            "spf": null,
            "haircolour": null,
            "lifestyleanddietarystatement": "Low Salt",
            "sapcategoryname": "FROZEN MEALS",
            "skintype": null,
            "importantinformation": null,
            "allergystatement": "Wheat Free",
            "productdepthmm": null,
            "skincondition": null,
            "ophthalmologistapproved": null,
            "healthstarrating": "5",
            "hairtype": null,
            "fragrance-free": null,
            "sapsegmentname": "MIXED VEGETABLES",
            "suitablefor": null,
            "PiesProductDepartmentsjson": "[{\"Id\":\"1_ACA2FC2\",\"Description\":\"Freezer\"},{\"Id\":\"1_D5A2236\",\"Description\":\"Poultry, Meat & Seafood\"}]",
            "piessubcategorynamesjson": "[\"Mixed Vegetables\",\"Gluten Free\"]",
            "sapsegmentno": "12",
            "productwidthmm": null,
            "contains": null,
            "sapsubcategoryname": "FREEZER - VEGETABLES",
            "dermatologisttested": null,
            "wool_productpackaging": null,
            "dermatologicallyapproved": null,
            "specialsgroupid": null,
            "productimages": "54233.jpg,54233_2.jpg,54233_8.jpg",
            "productheightmm": null,
            "r&r_hidereviews": null,
            "microwavesafe": "False",
            "paba-free": null,
            "lifestyleclaim": "Snap frozen",
            "alcoholfree": null,
            "tgawarning": null,
            "activeconstituents": null,
            "microwaveable": "False",
            "soap-free": null,
            "countryoforigin": null,
            "isexcludedfromsubstitution": "False",
            "productimagecount": "3",
            "r&r_loggedinreviews": null,
            "anti-dandruff": null,
            "servingsize-total-nip": null,
            "tgahealthwarninglink": null,
            "allergenmaybepresent": null,
            "PiesProductDepartmentNodeId": "1_ACA2FC2",
            "parabenfree": "False",
            "vendorarticleid": null,
            "containsgluten": "False",
            "containsnuts": "False",
            "ingredients": "Carrots, peas, super juicy corn kernels.",
            "colour": null,
            "manufacturer": null,
            "sapcategoryno": "97",
            "storageinstructions": "Keep frozen at or below minus 18°C.\nDo not thaw before cooking.\nProduct must be cooked before consumption.",
            "tgawarnings": null,
            "piesdepartmentnamesjson": "[\"Freezer\",\"Poultry, Meat & Seafood\"]",
            "brand": "mccain",
            "oilfree": null,
            "fragrance": null,
            "antibacterial": "False",
            "non-comedogenic": null,
            "antiseptic": "False",
            "bpafree": "False",
            "vendorcostprice": null,
            "description": "Frozen green peas, carrots and delicious sweet corn kernels, picked for perfection & snap frozen at their freshest.",
            "sweatresistant": null,
            "sapsubcategoryno": "103",
            "claims": null,
            "antioxidant": "False",
            "phbalanced": null,
            "wool_dietaryclaim": null,
            "ophthalmologisttested": null,
            "sulfatefree": "False",
            "servingsperpack-total-nip": null,
            "piescategorynamesjson": "[\"Frozen Vegetables\",\"Frozen Gluten Free\"]",
            "nutritionalinformation": "{\"Name\":\"Nutritional Information\",\"Attributes\":[{\"Id\":702,\"Name\":\"Calcium Quantity Per 100g - Total - NIP\",\"Value\":\"26mg\",\"Description\":\"Calcium Quantity Per 100g - Total - NIP\",\"SortOrder\":71},{\"Id\":47,\"Name\":\"Calcium Quantity Per Serve - Total - NIP\",\"Value\":\"26mg\",\"Description\":\"Calcium Quantity Per Serve - Total - NIP\",\"SortOrder\":75},{\"Id\":705,\"Name\":\"Carbohydrate Quantity Per 100g - Total - NIP\",\"Value\":\"12.50g\",\"Description\":\"Carbohydrate Quantity Per 100g - Total - NIP\",\"SortOrder\":83},{\"Id\":706,\"Name\":\"Carbohydrate Quantity Per Serve - Total - NIP\",\"Value\":\"12.50g\",\"Description\":\"Carbohydrate Quantity Per Serve - Total - NIP\",\"SortOrder\":87},{\"Id\":191,\"Name\":\"Dietary Fibre Quantity Per 100g - Total - NIP\",\"Value\":\"4.00g\",\"Description\":\"Dietary Fibre Quantity Per 100g - Total - NIP\",\"SortOrder\":175},{\"Id\":120,\"Name\":\"Dietary Fibre Quantity Per Serve - Total - NIP\",\"Value\":\"4.00g\",\"Description\":\"Dietary Fibre Quantity Per Serve - Total - NIP\",\"SortOrder\":179},{\"Id\":759,\"Name\":\"Energy kJ Quantity Per 100g - Total - NIP\",\"Value\":\"334.00kJ\",\"Description\":\"Energy kJ Quantity Per 100g - Total - NIP\",\"SortOrder\":239},{\"Id\":760,\"Name\":\"Energy kJ Quantity Per Serve - Total - NIP\",\"Value\":\"334.00kJ\",\"Description\":\"Energy kJ Quantity Per Serve - Total - NIP\",\"SortOrder\":243},{\"Id\":253,\"Name\":\"Fat Saturated Quantity Per 100g - Total - NIP\",\"Value\":\"0.20g\",\"Description\":\"Fat Saturated Quantity Per 100g - Total - NIP\",\"SortOrder\":251},{\"Id\":258,\"Name\":\"Fat Saturated Quantity Per Serve - Total - NIP\",\"Value\":\"0.20g\",\"Description\":\"Fat Saturated Quantity Per Serve - Total - NIP\",\"SortOrder\":255},{\"Id\":764,\"Name\":\"Fat Total Quantity Per 100g - Total - NIP\",\"Value\":\"1.00g\",\"Description\":\"Fat Total Quantity Per 100g - Total - NIP\",\"SortOrder\":263},{\"Id\":166,\"Name\":\"Fat Total Quantity Per 100g - ValueWord - NIP\",\"Value\":\"1.00\",\"Description\":\"Fat Total Quantity Per 100g - ValueWord - NIP\",\"SortOrder\":264},{\"Id\":264,\"Name\":\"Fat Total Quantity Per Serve - Total - NIP\",\"Value\":\"1.00g\",\"Description\":\"Fat Total Quantity Per Serve - Total - NIP\",\"SortOrder\":267},{\"Id\":402,\"Name\":\"Monounsaturated Quantity Per 100g - Total - NIP\",\"Value\":\"0.02g\",\"Description\":\"Monounsaturated Quantity Per 100g - Total - NIP\",\"SortOrder\":479},{\"Id\":834,\"Name\":\"Monounsaturated Quantity Per Serve - Total - NIP\",\"Value\":\"0.02g\",\"Description\":\"Monounsaturated Quantity Per Serve - Total - NIP\",\"SortOrder\":483},{\"Id\":434,\"Name\":\"Polyunsaturated Quantity Per 100g - Total - NIP\",\"Value\":\"0.04g\",\"Description\":\"Polyunsaturated Quantity Per 100g - Total - NIP\",\"SortOrder\":563},{\"Id\":435,\"Name\":\"Polyunsaturated Quantity Per Serve - Total - NIP\",\"Value\":\"0.04g\",\"Description\":\"Polyunsaturated Quantity Per Serve - Total - NIP\",\"SortOrder\":567},{\"Id\":443,\"Name\":\"Potassium Quantity Per 100g - Total - NIP\",\"Value\":\"259mg\",\"Description\":\"Potassium Quantity Per 100g - Total - NIP\",\"SortOrder\":575},{\"Id\":493,\"Name\":\"Potassium Quantity Per Serve - Total - NIP\",\"Value\":\"259mg\",\"Description\":\"Potassium Quantity Per Serve - Total - NIP\",\"SortOrder\":579},{\"Id\":878,\"Name\":\"Protein Quantity Per 100g - Total - NIP\",\"Value\":\"3.10g\",\"Description\":\"Protein Quantity Per 100g - Total - NIP\",\"SortOrder\":587},{\"Id\":882,\"Name\":\"Protein Quantity Per Serve - Total - NIP\",\"Value\":\"3.10g\",\"Description\":\"Protein Quantity Per Serve - Total - NIP\",\"SortOrder\":591},{\"Id\":477,\"Name\":\"Serving Size - Total - NIP\",\"Value\":\"100.00g\",\"Description\":\"Serving Size - Total - NIP\",\"SortOrder\":607},{\"Id\":544,\"Name\":\"Servings Per Pack - Total - NIP\",\"Value\":\"5.00\",\"Description\":\"Servings Per Pack - Total - NIP\",\"SortOrder\":611},{\"Id\":491,\"Name\":\"Sodium Quantity Per 100g - Total - NIP\",\"Value\":\"35.00mg\",\"Description\":\"Sodium Quantity Per 100g - Total - NIP\",\"SortOrder\":623},{\"Id\":495,\"Name\":\"Sodium Quantity Per Serve - Total - NIP\",\"Value\":\"35.00mg\",\"Description\":\"Sodium Quantity Per Serve - Total - NIP\",\"SortOrder\":627},{\"Id\":907,\"Name\":\"Sugars Quantity Per 100g - Prefix - NIP\",\"Value\":\"Approx.\",\"Description\":\"Sugars Quantity Per 100g - Prefix - NIP\",\"SortOrder\":645},{\"Id\":908,\"Name\":\"Sugars Quantity Per 100g - SuffixUnits - NIP\",\"Value\":\"g\",\"Description\":\"Sugars Quantity Per 100g - SuffixUnits - NIP\",\"SortOrder\":646},{\"Id\":909,\"Name\":\"Sugars Quantity Per 100g - Total - NIP\",\"Value\":\"5.60g\",\"Description\":\"Sugars Quantity Per 100g - Total - NIP\",\"SortOrder\":647},{\"Id\":910,\"Name\":\"Sugars Quantity Per 100g - ValueWord - NIP\",\"Value\":\"5.60\",\"Description\":\"Sugars Quantity Per 100g - ValueWord - NIP\",\"SortOrder\":648},{\"Id\":504,\"Name\":\"Sugars Quantity Per Serve - Prefix - NIP\",\"Value\":\"Approx.\",\"Description\":\"Sugars Quantity Per Serve - Prefix - NIP\",\"SortOrder\":649},{\"Id\":911,\"Name\":\"Sugars Quantity Per Serve - SuffixUnits - NIP\",\"Value\":\"g\",\"Description\":\"Sugars Quantity Per Serve - SuffixUnits - NIP\",\"SortOrder\":650},{\"Id\":912,\"Name\":\"Sugars Quantity Per Serve - Total - NIP\",\"Value\":\"5.60g\",\"Description\":\"Sugars Quantity Per Serve - Total - NIP\",\"SortOrder\":651},{\"Id\":572,\"Name\":\"Sugars Quantity Per Serve - ValueWord - NIP\",\"Value\":\"5.60\",\"Description\":\"Sugars Quantity Per Serve - ValueWord - NIP\",\"SortOrder\":652},{\"Id\":593,\"Name\":\"Trans Quantity Per 100g - Total - NIP\",\"Value\":\"0.06mg\",\"Description\":\"Trans Quantity Per 100g - Total - NIP\",\"SortOrder\":667},{\"Id\":510,\"Name\":\"Trans Quantity Per Serve - Total - NIP\",\"Value\":\"0.06mg\",\"Description\":\"Trans Quantity Per Serve - Total - NIP\",\"SortOrder\":671}]}",
            "ovencook": "False",
            "vegetarian": "False",
            "hypo-allergenic": null,
            "timer": null,
            "dermatologistrecommended": null,
            "sapdepartmentno": "5",
            "allergencontains": null,
            "waterresistant": null,
            "friendlydisclaimer": null,
            "recyclableinformation": null,
            "usageinstructions": null,
            "freezable": "False"
          },
          "DetailsImagePaths": [
            "https://cdn0.woolworths.media/content/wowproductimages/large/054233.jpg"
          ],
          "Variety": "Peas Corn & Carrot",
          "Rating": {
            "ReviewCount": 135,
            "RatingCount": 135,
            "RatingSum": 620,
            "OneStarCount": 0,
            "TwoStarCount": 5,
            "ThreeStarCount": 6,
            "FourStarCount": 28,
            "FiveStarCount": 96,
            "Average": 4.59259259259259,
            "OneStarPercentage": 0,
            "TwoStarPercentage": 3.7037037037037,
            "ThreeStarPercentage": 4.44444444444444,
            "FourStarPercentage": 20.7407407407407,
            "FiveStarPercentage": 71.1111111111111
          },
          "HasProductSubs": false,
          "IsSponsoredAd": false,
          "AdID": null,
          "AdIndex": null,
          "IsMarketProduct": false,
          "IsGiftable": false,
          "Vendor": null,
          "Untraceable": false,
          "ThirdPartyProductInfo": null,
          "MarketFeatures": null,
          "MarketSpecifications": null,
          "SupplyLimitSource": "StockQuantity",
          "Tags": [
            {
              "Content": {
                "Type": "Label",
                "Position": "Top",
                "Attributes": {
                  "Text": "LOW PRICE",
                  "Promotion": "LowPrice",
                  "BackgroundColor": "#c20016",
                  "BorderColor": "#c20016",
                  "TextColor": "#fff"
                }
              },
              "TemplateId": null,
              "Metadata": null
            }
          ],
          "IsPersonalisedByPurchaseHistory": false,
          "IsFromFacetedSearch": false,
          "NextAvailabilityDate": null,
          "NumberOfSubstitutes": 0,
          "IsPrimaryVariant": false,
          "VariantGroupId": 0,
          "HasVariants": false,
          "VariantTitle": null,
          "IsTobacco": false
        }
      ],
      "Name": "Mccain Mixed Vegetables Peas Corn & Carrot",
      "DisplayName": "Mccain Mixed Vegetables Peas Corn & Carrot 500g"
    },
    {
      "Products": [
        {
          "TileID": 0,
          "Stockcode": 768558,
          "Barcode": "9300633450311",
          "GtinFormat": 13,
          "CupPrice": 5.6,
          "InstoreCupPrice": 5.6,
          "CupMeasure": "1KG",
          "CupString": "$5.60 / 1KG",
          "InstoreCupString": "$5.60 / 1KG",
          "HasCupPrice": true,
          "InstoreHasCupPrice": true,
          "Price": 2.8,
          "InstorePrice": 2.8,
          "Name": "Woolworths Sliced Beans",
          "DisplayName": "Woolworths Sliced Beans 500g",
          "UrlFriendlyName": "woolworths-sliced-beans",
          "Description": " Woolworths Sliced Beans 500G",
          "SmallImageFile": "https://cdn0.woolworths.media/content/wowproductimages/small/768558.jpg",
          "MediumImageFile": "https://cdn0.woolworths.media/content/wowproductimages/medium/768558.jpg",
          "LargeImageFile": "https://cdn0.woolworths.media/content/wowproductimages/large/768558.jpg",
          "IsNew": false,
          "IsHalfPrice": false,
          "IsOnlineOnly": false,
          "IsOnSpecial": false,
          "InstoreIsOnSpecial": false,
          "IsEdrSpecial": false,
          "SavingsAmount": 0,
          "InstoreSavingsAmount": 0,
          "WasPrice": 2.8,
          "InstoreWasPrice": 2.8,
          "QuantityInTrolley": 0,
          "Unit": "Each",
          "MinimumQuantity": 1,
          "HasBeenBoughtBefore": false,
          "IsInTrolley": false,
          "Source": "Aisle.Freezer",
          "SupplyLimit": 7,
          "ProductLimit": 50,
          "MaxSupplyLimitMessage": "7 item(s) left",
          "IsRanged": true,
          "IsInStock": true,
          "PackageSize": "500G",
          "IsPmDelivery": true,
          "IsForCollection": true,
          "IsForDelivery": true,
          "IsForExpress": true,
          "ProductRestrictionMessage": null,
          "ProductWarningMessage": null,
          "CentreTag": {
            "TagContent": null,
            "TagLink": null,
            "FallbackText": null,
            "TagType": "None",
            "MultibuyData": null,
            "TagContentText": null,
            "DualImageTagContent": null,
            "PromotionType": "NOT_SET",
            "IsRegisteredRewardCardPromotion": false
          },
          "IsCentreTag": false,
          "ImageTag": {
            "TagContent": null,
            "TagLink": null,
            "FallbackText": "",
            "TagType": "None",
            "MultibuyData": null,
            "TagContentText": null,
            "DualImageTagContent": null,
            "PromotionType": "NOT_SET",
            "IsRegisteredRewardCardPromotion": false
          },
          "HeaderTag": {
            "BackgroundColor": "#c20016",
            "BorderColor": "#c20016",
            "TextColor": "#fff",
            "Content": "LOW PRICE",
            "TagLink": null,
            "Promotion": "LowPrice"
          },
          "HasHeaderTag": true,
          "UnitWeightInGrams": 0,
          "SupplyLimitMessage": "'Woolworths Sliced Beans' has a supply limit of 7. The quantity in your cart has been reduced accordingly. To purchase a larger quantity, please contact us on 1800 000 610. Please note we do not supply trade orders.",
          "SmallFormatDescription": "Woolworths Sliced Beans",
          "FullDescription": "Woolworths Sliced Beans",
          "IsAvailable": true,
          "InstoreIsAvailable": true,
          "IsPurchasable": true,
          "InstoreIsPurchasable": true,
          "AgeRestricted": false,
          "DisplayQuantity": 1,
          "RichDescription": null,
          "HideWasSavedPrice": false,
          "SapCategories": null,
          "Brand": "Woolworths",
          "IsRestrictedByDeliveryMethod": false,
          "FooterTag": {
            "TagContent": "Lower Price Always",
            "TagLink": null,
            "FallbackText": null,
            "TagType": "Html",
            "MultibuyData": null,
            "TagContentText": null,
            "DualImageTagContent": null,
            "PromotionType": "NOT_SET",
            "IsRegisteredRewardCardPromotion": false
          },
          "IsFooterEnabled": true,
          "Diagnostics": "20",
          "IsBundle": false,
          "IsInFamily": false,
          "ChildProducts": null,
          "UrlOverride": null,
          "AdditionalAttributes": {
            "boxedcontents": null,
            "addedvitaminsandminerals": "False",
            "sapdepartmentname": "GROCERIES",
            "spf": null,
            "haircolour": null,
            "lifestyleanddietarystatement": "Gluten Free",
            "sapcategoryname": "FROZEN MEALS",
            "skintype": null,
            "importantinformation": null,
            "allergystatement": "Wheat Free",
            "productdepthmm": null,
            "skincondition": null,
            "ophthalmologistapproved": null,
            "healthstarrating": "5",
            "hairtype": null,
            "fragrance-free": null,
            "sapsegmentname": "BEANS SLICED",
            "suitablefor": null,
            "PiesProductDepartmentsjson": "[{\"Id\":\"1_ACA2FC2\",\"Description\":\"Freezer\"}]",
            "piessubcategorynamesjson": "[\"Beans & Peas\",\"Gluten Free\"]",
            "sapsegmentno": "3",
            "productwidthmm": null,
            "contains": null,
            "sapsubcategoryname": "FREEZER - VEGETABLES",
            "dermatologisttested": null,
            "wool_productpackaging": null,
            "dermatologicallyapproved": null,
            "specialsgroupid": null,
            "productimages": "768558.jpg,768558_2.jpg",
            "productheightmm": null,
            "r&r_hidereviews": null,
            "microwavesafe": "False",
            "paba-free": null,
            "lifestyleclaim": null,
            "alcoholfree": null,
            "tgawarning": null,
            "activeconstituents": null,
            "microwaveable": "False",
            "soap-free": null,
            "countryoforigin": null,
            "isexcludedfromsubstitution": "False",
            "productimagecount": "2",
            "r&r_loggedinreviews": null,
            "anti-dandruff": null,
            "servingsize-total-nip": null,
            "tgahealthwarninglink": null,
            "allergenmaybepresent": null,
            "PiesProductDepartmentNodeId": "1_ACA2FC2",
            "parabenfree": "False",
            "vendorarticleid": null,
            "containsgluten": "False",
            "containsnuts": "False",
            "ingredients": "Green Bean.",
            "colour": null,
            "manufacturer": null,
            "sapcategoryno": "97",
            "storageinstructions": "Keep frozen.",
            "tgawarnings": null,
            "piesdepartmentnamesjson": "[\"Freezer\"]",
            "brand": "woolworths",
            "oilfree": null,
            "fragrance": null,
            "antibacterial": "False",
            "non-comedogenic": null,
            "antiseptic": "False",
            "bpafree": "False",
            "vendorcostprice": null,
            "description": "<p>- Snap frozen to lock in the goodness.  - Source of fibre for healthy digestion.</p>",
            "sweatresistant": null,
            "sapsubcategoryno": "103",
            "claims": null,
            "antioxidant": "False",
            "phbalanced": null,
            "wool_dietaryclaim": null,
            "ophthalmologisttested": null,
            "sulfatefree": "False",
            "servingsperpack-total-nip": null,
            "piescategorynamesjson": "[\"Frozen Vegetables\",\"Frozen Gluten Free\"]",
            "nutritionalinformation": "{\"Name\":\"Nutritional Information\",\"Attributes\":[{\"Id\":702,\"Name\":\"Calcium Quantity Per 100g - Total - NIP\",\"Value\":\"44mg\",\"Description\":\"Calcium Quantity Per 100g - Total - NIP\",\"SortOrder\":71},{\"Id\":47,\"Name\":\"Calcium Quantity Per Serve - Total - NIP\",\"Value\":\"33mg\",\"Description\":\"Calcium Quantity Per Serve - Total - NIP\",\"SortOrder\":75},{\"Id\":705,\"Name\":\"Carbohydrate Quantity Per 100g - Total - NIP\",\"Value\":\"3.50g\",\"Description\":\"Carbohydrate Quantity Per 100g - Total - NIP\",\"SortOrder\":83},{\"Id\":706,\"Name\":\"Carbohydrate Quantity Per Serve - Total - NIP\",\"Value\":\"<2.60g\",\"Description\":\"Carbohydrate Quantity Per Serve - Total - NIP\",\"SortOrder\":87},{\"Id\":191,\"Name\":\"Dietary Fibre Quantity Per 100g - Total - NIP\",\"Value\":\"3.00g\",\"Description\":\"Dietary Fibre Quantity Per 100g - Total - NIP\",\"SortOrder\":175},{\"Id\":120,\"Name\":\"Dietary Fibre Quantity Per Serve - Total - NIP\",\"Value\":\"2.20g\",\"Description\":\"Dietary Fibre Quantity Per Serve - Total - NIP\",\"SortOrder\":179},{\"Id\":759,\"Name\":\"Energy kJ Quantity Per 100g - Total - NIP\",\"Value\":\"116.00kJ\",\"Description\":\"Energy kJ Quantity Per 100g - Total - NIP\",\"SortOrder\":239},{\"Id\":760,\"Name\":\"Energy kJ Quantity Per Serve - Total - NIP\",\"Value\":\"87.00kJ\",\"Description\":\"Energy kJ Quantity Per Serve - Total - NIP\",\"SortOrder\":243},{\"Id\":253,\"Name\":\"Fat Saturated Quantity Per 100g - Total - NIP\",\"Value\":\"<1.00g\",\"Description\":\"Fat Saturated Quantity Per 100g - Total - NIP\",\"SortOrder\":251},{\"Id\":258,\"Name\":\"Fat Saturated Quantity Per Serve - Total - NIP\",\"Value\":\"<0.80g\",\"Description\":\"Fat Saturated Quantity Per Serve - Total - NIP\",\"SortOrder\":255},{\"Id\":764,\"Name\":\"Fat Total Quantity Per 100g - Total - NIP\",\"Value\":\"<1.00g\",\"Description\":\"Fat Total Quantity Per 100g - Total - NIP\",\"SortOrder\":263},{\"Id\":166,\"Name\":\"Fat Total Quantity Per 100g - ValueWord - NIP\",\"Value\":\"1.00\",\"Description\":\"Fat Total Quantity Per 100g - ValueWord - NIP\",\"SortOrder\":264},{\"Id\":264,\"Name\":\"Fat Total Quantity Per Serve - Total - NIP\",\"Value\":\"<0.80g\",\"Description\":\"Fat Total Quantity Per Serve - Total - NIP\",\"SortOrder\":267},{\"Id\":443,\"Name\":\"Potassium Quantity Per 100g - Total - NIP\",\"Value\":\"198mg\",\"Description\":\"Potassium Quantity Per 100g - Total - NIP\",\"SortOrder\":575},{\"Id\":493,\"Name\":\"Potassium Quantity Per Serve - Total - NIP\",\"Value\":\"148.5mg\",\"Description\":\"Potassium Quantity Per Serve - Total - NIP\",\"SortOrder\":579},{\"Id\":878,\"Name\":\"Protein Quantity Per 100g - Total - NIP\",\"Value\":\"1.90g\",\"Description\":\"Protein Quantity Per 100g - Total - NIP\",\"SortOrder\":587},{\"Id\":882,\"Name\":\"Protein Quantity Per Serve - Total - NIP\",\"Value\":\"1.40g\",\"Description\":\"Protein Quantity Per Serve - Total - NIP\",\"SortOrder\":591},{\"Id\":477,\"Name\":\"Serving Size - Total - NIP\",\"Value\":\"75.00g\",\"Description\":\"Serving Size - Total - NIP\",\"SortOrder\":607},{\"Id\":544,\"Name\":\"Servings Per Pack - Total - NIP\",\"Value\":\"6.00\",\"Description\":\"Servings Per Pack - Total - NIP\",\"SortOrder\":611},{\"Id\":491,\"Name\":\"Sodium Quantity Per 100g - Total - NIP\",\"Value\":\"<5.00mg\",\"Description\":\"Sodium Quantity Per 100g - Total - NIP\",\"SortOrder\":623},{\"Id\":495,\"Name\":\"Sodium Quantity Per Serve - Total - NIP\",\"Value\":\"<4.00mg\",\"Description\":\"Sodium Quantity Per Serve - Total - NIP\",\"SortOrder\":627},{\"Id\":907,\"Name\":\"Sugars Quantity Per 100g - Prefix - NIP\",\"Value\":null,\"Description\":\"Sugars Quantity Per 100g - Prefix - NIP\",\"SortOrder\":645},{\"Id\":908,\"Name\":\"Sugars Quantity Per 100g - SuffixUnits - NIP\",\"Value\":\"g\",\"Description\":\"Sugars Quantity Per 100g - SuffixUnits - NIP\",\"SortOrder\":646},{\"Id\":909,\"Name\":\"Sugars Quantity Per 100g - Total - NIP\",\"Value\":\"2.80g\",\"Description\":\"Sugars Quantity Per 100g - Total - NIP\",\"SortOrder\":647},{\"Id\":910,\"Name\":\"Sugars Quantity Per 100g - ValueWord - NIP\",\"Value\":\"2.80\",\"Description\":\"Sugars Quantity Per 100g - ValueWord - NIP\",\"SortOrder\":648},{\"Id\":504,\"Name\":\"Sugars Quantity Per Serve - Prefix - NIP\",\"Value\":null,\"Description\":\"Sugars Quantity Per Serve - Prefix - NIP\",\"SortOrder\":649},{\"Id\":911,\"Name\":\"Sugars Quantity Per Serve - SuffixUnits - NIP\",\"Value\":\"g\",\"Description\":\"Sugars Quantity Per Serve - SuffixUnits - NIP\",\"SortOrder\":650},{\"Id\":912,\"Name\":\"Sugars Quantity Per Serve - Total - NIP\",\"Value\":\"2.10g\",\"Description\":\"Sugars Quantity Per Serve - Total - NIP\",\"SortOrder\":651},{\"Id\":572,\"Name\":\"Sugars Quantity Per Serve - ValueWord - NIP\",\"Value\":\"2.10\",\"Description\":\"Sugars Quantity Per Serve - ValueWord - NIP\",\"SortOrder\":652}]}",
            "ovencook": "False",
            "vegetarian": "False",
            "hypo-allergenic": null,
            "timer": null,
            "dermatologistrecommended": null,
            "sapdepartmentno": "5",
            "allergencontains": null,
            "waterresistant": null,
            "friendlydisclaimer": null,
            "recyclableinformation": null,
            "usageinstructions": null,
            "freezable": "False"
          },
          "DetailsImagePaths": [
            "https://cdn0.woolworths.media/content/wowproductimages/large/768558.jpg"
          ],
          "Variety": "Beans",
          "Rating": {
            "ReviewCount": 394,
            "RatingCount": 394,
            "RatingSum": 1716,
            "OneStarCount": 7,
            "TwoStarCount": 6,
            "ThreeStarCount": 33,
            "FourStarCount": 142,
            "FiveStarCount": 206,
            "Average": 4.35532994923858,
            "OneStarPercentage": 1.77664974619289,
            "TwoStarPercentage": 1.52284263959391,
            "ThreeStarPercentage": 8.3756345177665,
            "FourStarPercentage": 36.0406091370558,
            "FiveStarPercentage": 52.2842639593909
          },
          "HasProductSubs": false,
          "IsSponsoredAd": false,
          "AdID": null,
          "AdIndex": null,
          "IsMarketProduct": false,
          "IsGiftable": false,
          "Vendor": null,
          "Untraceable": false,
          "ThirdPartyProductInfo": null,
          "MarketFeatures": null,
          "MarketSpecifications": null,
          "SupplyLimitSource": "StockQuantity",
          "Tags": [
            {
              "Content": {
                "Type": "Label",
                "Position": "Top",
                "Attributes": {
                  "Text": "LOW PRICE",
                  "Promotion": "LowPrice",
                  "BackgroundColor": "#c20016",
                  "BorderColor": "#c20016",
                  "TextColor": "#fff"
                }
              },
              "TemplateId": null,
              "Metadata": null
            }
          ],
          "IsPersonalisedByPurchaseHistory": false,
          "IsFromFacetedSearch": false,
          "NextAvailabilityDate": null,
          "NumberOfSubstitutes": 0,
          "IsPrimaryVariant": false,
          "VariantGroupId": 0,
          "HasVariants": false,
          "VariantTitle": null,
          "IsTobacco": false
        }
      ],
      "Name": "Woolworths Sliced Beans",
      "DisplayName": "Woolworths Sliced Beans 500g"
    },
    {
      "Products": [
        {
          "TileID": 0,
          "Stockcode": 586517,
          "Barcode": "9400597021548",
          "GtinFormat": 13,
          "CupPrice": 11,
          "InstoreCupPrice": 11,
          "CupMeasure": "1KG",
          "CupString": "$11.00 / 1KG",
          "InstoreCupString": "$11.00 / 1KG",
          "HasCupPrice": true,
          "InstoreHasCupPrice": true,
          "Price": 11,
          "InstorePrice": 11,
          "Name": "Woolworths Frozen Mixed Berries",
          "DisplayName": "Woolworths Frozen Mixed Berries 1kg",
          "UrlFriendlyName": "woolworths-frozen-mixed-berries",
          "Description": " Woolworths Frozen Mixed<br>Berries  1Kg",
          "SmallImageFile": "https://cdn0.woolworths.media/content/wowproductimages/small/586517.jpg",
          "MediumImageFile": "https://cdn0.woolworths.media/content/wowproductimages/medium/586517.jpg",
          "LargeImageFile": "https://cdn0.woolworths.media/content/wowproductimages/large/586517.jpg",
          "IsNew": false,
          "IsHalfPrice": false,
          "IsOnlineOnly": false,
          "IsOnSpecial": false,
          "InstoreIsOnSpecial": false,
          "IsEdrSpecial": false,
          "SavingsAmount": 0,
          "InstoreSavingsAmount": 0,
          "WasPrice": 11,
          "InstoreWasPrice": 11,
          "QuantityInTrolley": 0,
          "Unit": "Each",
          "MinimumQuantity": 1,
          "HasBeenBoughtBefore": false,
          "IsInTrolley": false,
          "Source": "Aisle.Freezer",
          "SupplyLimit": 37,
          "ProductLimit": 50,
          "MaxSupplyLimitMessage": "37 item(s) left",
          "IsRanged": true,
          "IsInStock": true,
          "PackageSize": "1Kg",
          "IsPmDelivery": true,
          "IsForCollection": true,
          "IsForDelivery": true,
          "IsForExpress": true,
          "ProductRestrictionMessage": null,
          "ProductWarningMessage": null,
          "CentreTag": {
            "TagContent": null,
            "TagLink": null,
            "FallbackText": null,
            "TagType": "None",
            "MultibuyData": null,
            "TagContentText": null,
            "DualImageTagContent": null,
            "PromotionType": "NOT_SET",
            "IsRegisteredRewardCardPromotion": false
          },
          "IsCentreTag": false,
          "ImageTag": {
            "TagContent": null,
            "TagLink": null,
            "FallbackText": "",
            "TagType": "None",
            "MultibuyData": null,
            "TagContentText": null,
            "DualImageTagContent": null,
            "PromotionType": "NOT_SET",
            "IsRegisteredRewardCardPromotion": false
          },
          "HeaderTag": {
            "BackgroundColor": "#c20016",
            "BorderColor": "#c20016",
            "TextColor": "#fff",
            "Content": "LOW PRICE",
            "TagLink": null,
            "Promotion": "LowPrice"
          },
          "HasHeaderTag": true,
          "UnitWeightInGrams": 0,
          "SupplyLimitMessage": "'Woolworths Frozen Mixed Berries' has a supply limit of 37. The quantity in your cart has been reduced accordingly. To purchase a larger quantity, please contact us on 1800 000 610. Please note we do not supply trade orders.",
          "SmallFormatDescription": "Woolworths Frozen Mixed Berries ",
          "FullDescription": "Woolworths Frozen Mixed Berries ",
          "IsAvailable": true,
          "InstoreIsAvailable": true,
          "IsPurchasable": true,
          "InstoreIsPurchasable": true,
          "AgeRestricted": false,
          "DisplayQuantity": 1,
          "RichDescription": null,
          "HideWasSavedPrice": false,
          "SapCategories": null,
          "Brand": "Woolworths",
          "IsRestrictedByDeliveryMethod": false,
          "FooterTag": {
            "TagContent": "Lower Price Always",
            "TagLink": null,
            "FallbackText": null,
            "TagType": "Html",
            "MultibuyData": null,
            "TagContentText": null,
            "DualImageTagContent": null,
            "PromotionType": "NOT_SET",
            "IsRegisteredRewardCardPromotion": false
          },
          "IsFooterEnabled": true,
          "Diagnostics": "21",
          "IsBundle": false,
          "IsInFamily": false,
          "ChildProducts": null,
          "UrlOverride": null,
          "AdditionalAttributes": {
            "boxedcontents": null,
            "addedvitaminsandminerals": "False",
            "sapdepartmentname": "GROCERIES",
            "spf": null,
            "haircolour": null,
            "lifestyleanddietarystatement": "Low Fat",
            "sapcategoryname": "FREEZER - DESSERTS & PASTRY",
            "skintype": null,
            "importantinformation": null,
            "allergystatement": "Wheat Free",
            "productdepthmm": null,
            "skincondition": null,
            "ophthalmologistapproved": null,
            "healthstarrating": "5",
            "hairtype": null,
            "fragrance-free": null,
            "sapsegmentname": "FRUIT OVER 500G",
            "suitablefor": null,
            "PiesProductDepartmentsjson": "[{\"Id\":\"1_ACA2FC2\",\"Description\":\"Freezer\"}]",
            "piessubcategorynamesjson": "[\"Gluten Free\",\"Berries & Tropical\"]",
            "sapsegmentno": "2",
            "productwidthmm": null,
            "contains": null,
            "sapsubcategoryname": "FREEZER - FRUIT",
            "dermatologisttested": null,
            "wool_productpackaging": null,
            "dermatologicallyapproved": null,
            "specialsgroupid": null,
            "productimages": "586517.jpg",
            "productheightmm": null,
            "r&r_hidereviews": null,
            "microwavesafe": "False",
            "paba-free": null,
            "lifestyleclaim": null,
            "alcoholfree": null,
            "tgawarning": null,
            "activeconstituents": null,
            "microwaveable": "False",
            "soap-free": null,
            "countryoforigin": null,
            "isexcludedfromsubstitution": "False",
            "productimagecount": "1",
            "r&r_loggedinreviews": null,
            "anti-dandruff": null,
            "servingsize-total-nip": null,
            "tgahealthwarninglink": null,
            "allergenmaybepresent": null,
            "PiesProductDepartmentNodeId": "1_ACA2FC2",
            "parabenfree": "False",
            "vendorarticleid": null,
            "containsgluten": "False",
            "containsnuts": "False",
            "ingredients": "Blueberries, Strawberries, Blackberries, Raspberries",
            "colour": null,
            "manufacturer": null,
            "sapcategoryno": "98",
            "storageinstructions": "Keep Frozen",
            "tgawarnings": null,
            "piesdepartmentnamesjson": "[\"Freezer\"]",
            "brand": "woolworths",
            "oilfree": null,
            "fragrance": null,
            "antibacterial": "False",
            "non-comedogenic": null,
            "antiseptic": "False",
            "bpafree": "False",
            "vendorcostprice": null,
            "description": "Source of fibre for healthy digestion (1) Source of vitamin C for a healthy immune system (1) Fruit a Day: 1 cup = 1 serve of fruit (1) (1) As part of a healthy balanced diet. One serve of fruit is equal to approximately 150g fruit. Australian Dietary Guidelines recommend 2 serves of fruit per day.",
            "sweatresistant": null,
            "sapsubcategoryno": "15",
            "claims": null,
            "antioxidant": "False",
            "phbalanced": null,
            "wool_dietaryclaim": null,
            "ophthalmologisttested": null,
            "sulfatefree": "False",
            "servingsperpack-total-nip": null,
            "piescategorynamesjson": "[\"Frozen Gluten Free\",\"Frozen Fruit\"]",
            "nutritionalinformation": "{\"Name\":\"Nutritional Information\",\"Attributes\":[{\"Id\":705,\"Name\":\"Carbohydrate Quantity Per 100g - Total - NIP\",\"Value\":\"7.20g\",\"Description\":\"Carbohydrate Quantity Per 100g - Total - NIP\",\"SortOrder\":83},{\"Id\":706,\"Name\":\"Carbohydrate Quantity Per Serve - Total - NIP\",\"Value\":\"10.80g\",\"Description\":\"Carbohydrate Quantity Per Serve - Total - NIP\",\"SortOrder\":87},{\"Id\":191,\"Name\":\"Dietary Fibre Quantity Per 100g - Total - NIP\",\"Value\":\"3.80g\",\"Description\":\"Dietary Fibre Quantity Per 100g - Total - NIP\",\"SortOrder\":175},{\"Id\":120,\"Name\":\"Dietary Fibre Quantity Per Serve - Total - NIP\",\"Value\":\"5.70g\",\"Description\":\"Dietary Fibre Quantity Per Serve - Total - NIP\",\"SortOrder\":179},{\"Id\":759,\"Name\":\"Energy kJ Quantity Per 100g - Total - NIP\",\"Value\":\"171.00kJ\",\"Description\":\"Energy kJ Quantity Per 100g - Total - NIP\",\"SortOrder\":239},{\"Id\":760,\"Name\":\"Energy kJ Quantity Per Serve - Total - NIP\",\"Value\":\"256.00kJ\",\"Description\":\"Energy kJ Quantity Per Serve - Total - NIP\",\"SortOrder\":243},{\"Id\":253,\"Name\":\"Fat Saturated Quantity Per 100g - Total - NIP\",\"Value\":\"1.00g\",\"Description\":\"Fat Saturated Quantity Per 100g - Total - NIP\",\"SortOrder\":251},{\"Id\":258,\"Name\":\"Fat Saturated Quantity Per Serve - Total - NIP\",\"Value\":\"1.50g\",\"Description\":\"Fat Saturated Quantity Per Serve - Total - NIP\",\"SortOrder\":255},{\"Id\":764,\"Name\":\"Fat Total Quantity Per 100g - Total - NIP\",\"Value\":\"1.00g\",\"Description\":\"Fat Total Quantity Per 100g - Total - NIP\",\"SortOrder\":263},{\"Id\":166,\"Name\":\"Fat Total Quantity Per 100g - ValueWord - NIP\",\"Value\":\"1.00\",\"Description\":\"Fat Total Quantity Per 100g - ValueWord - NIP\",\"SortOrder\":264},{\"Id\":264,\"Name\":\"Fat Total Quantity Per Serve - Total - NIP\",\"Value\":\"1.50g\",\"Description\":\"Fat Total Quantity Per Serve - Total - NIP\",\"SortOrder\":267},{\"Id\":878,\"Name\":\"Protein Quantity Per 100g - Total - NIP\",\"Value\":\"1.00g\",\"Description\":\"Protein Quantity Per 100g - Total - NIP\",\"SortOrder\":587},{\"Id\":882,\"Name\":\"Protein Quantity Per Serve - Total - NIP\",\"Value\":\"1.50g\",\"Description\":\"Protein Quantity Per Serve - Total - NIP\",\"SortOrder\":591},{\"Id\":477,\"Name\":\"Serving Size - Total - NIP\",\"Value\":\"150.00g\",\"Description\":\"Serving Size - Total - NIP\",\"SortOrder\":607},{\"Id\":544,\"Name\":\"Servings Per Pack - Total - NIP\",\"Value\":\"6.00\",\"Description\":\"Servings Per Pack - Total - NIP\",\"SortOrder\":611},{\"Id\":491,\"Name\":\"Sodium Quantity Per 100g - Total - NIP\",\"Value\":\"5.00mg\",\"Description\":\"Sodium Quantity Per 100g - Total - NIP\",\"SortOrder\":623},{\"Id\":495,\"Name\":\"Sodium Quantity Per Serve - Total - NIP\",\"Value\":\"8.00mg\",\"Description\":\"Sodium Quantity Per Serve - Total - NIP\",\"SortOrder\":627},{\"Id\":907,\"Name\":\"Sugars Quantity Per 100g - Prefix - NIP\",\"Value\":\"Approx.\",\"Description\":\"Sugars Quantity Per 100g - Prefix - NIP\",\"SortOrder\":645},{\"Id\":908,\"Name\":\"Sugars Quantity Per 100g - SuffixUnits - NIP\",\"Value\":\"g\",\"Description\":\"Sugars Quantity Per 100g - SuffixUnits - NIP\",\"SortOrder\":646},{\"Id\":909,\"Name\":\"Sugars Quantity Per 100g - Total - NIP\",\"Value\":\"7.00g\",\"Description\":\"Sugars Quantity Per 100g - Total - NIP\",\"SortOrder\":647},{\"Id\":910,\"Name\":\"Sugars Quantity Per 100g - ValueWord - NIP\",\"Value\":\"7.00\",\"Description\":\"Sugars Quantity Per 100g - ValueWord - NIP\",\"SortOrder\":648},{\"Id\":504,\"Name\":\"Sugars Quantity Per Serve - Prefix - NIP\",\"Value\":\"Approx.\",\"Description\":\"Sugars Quantity Per Serve - Prefix - NIP\",\"SortOrder\":649},{\"Id\":911,\"Name\":\"Sugars Quantity Per Serve - SuffixUnits - NIP\",\"Value\":\"g\",\"Description\":\"Sugars Quantity Per Serve - SuffixUnits - NIP\",\"SortOrder\":650},{\"Id\":912,\"Name\":\"Sugars Quantity Per Serve - Total - NIP\",\"Value\":\"10.50g\",\"Description\":\"Sugars Quantity Per Serve - Total - NIP\",\"SortOrder\":651},{\"Id\":572,\"Name\":\"Sugars Quantity Per Serve - ValueWord - NIP\",\"Value\":\"10.50\",\"Description\":\"Sugars Quantity Per Serve - ValueWord - NIP\",\"SortOrder\":652}]}",
            "ovencook": "False",
            "vegetarian": "False",
            "hypo-allergenic": null,
            "timer": null,
            "dermatologistrecommended": null,
            "sapdepartmentno": "5",
            "allergencontains": null,
            "waterresistant": null,
            "friendlydisclaimer": null,
            "recyclableinformation": null,
            "usageinstructions": null,
            "freezable": "False"
          },
          "DetailsImagePaths": [
            "https://cdn0.woolworths.media/content/wowproductimages/large/586517.jpg"
          ],
          "Variety": null,
          "Rating": {
            "ReviewCount": 1206,
            "RatingCount": 1206,
            "RatingSum": 5717,
            "OneStarCount": 3,
            "TwoStarCount": 5,
            "ThreeStarCount": 33,
            "FourStarCount": 220,
            "FiveStarCount": 945,
            "Average": 4.74046434494196,
            "OneStarPercentage": 0.248756218905473,
            "TwoStarPercentage": 0.414593698175788,
            "ThreeStarPercentage": 2.7363184079602,
            "FourStarPercentage": 18.2421227197347,
            "FiveStarPercentage": 78.3582089552239
          },
          "HasProductSubs": false,
          "IsSponsoredAd": false,
          "AdID": null,
          "AdIndex": null,
          "IsMarketProduct": false,
          "IsGiftable": false,
          "Vendor": null,
          "Untraceable": false,
          "ThirdPartyProductInfo": null,
          "MarketFeatures": null,
          "MarketSpecifications": null,
          "SupplyLimitSource": "StockQuantity",
          "Tags": [
            {
              "Content": {
                "Type": "Label",
                "Position": "Top",
                "Attributes": {
                  "Text": "LOW PRICE",
                  "Promotion": "LowPrice",
                  "BackgroundColor": "#c20016",
                  "BorderColor": "#c20016",
                  "TextColor": "#fff"
                }
              },
              "TemplateId": null,
              "Metadata": null
            }
          ],
          "IsPersonalisedByPurchaseHistory": false,
          "IsFromFacetedSearch": false,
          "NextAvailabilityDate": null,
          "NumberOfSubstitutes": 0,
          "IsPrimaryVariant": false,
          "VariantGroupId": 0,
          "HasVariants": false,
          "VariantTitle": null,
          "IsTobacco": false
        }
      ],
      "Name": "Woolworths Frozen Mixed Berries",
      "DisplayName": "Woolworths Frozen Mixed Berries 1kg"
    },
    {
      "Products": [
        {
          "TileID": 0,
          "Stockcode": 18574,
          "Barcode": "9416036006052",
          "GtinFormat": 13,
          "CupPrice": 7.8,
          "InstoreCupPrice": 7.8,
          "CupMeasure": "1KG",
          "CupString": "$7.80 / 1KG",
          "InstoreCupString": "$7.80 / 1KG",
          "HasCupPrice": true,
          "InstoreHasCupPrice": true,
          "Price": 3.9,
          "InstorePrice": 3.9,
          "Name": "Mccain Peas Baby",
          "DisplayName": "Mccain Peas Baby 500g",
          "UrlFriendlyName": "mccain-peas-baby",
          "Description": " Mccain Peas Baby 500G",
          "SmallImageFile": "https://cdn0.woolworths.media/content/wowproductimages/small/018574.jpg",
          "MediumImageFile": "https://cdn0.woolworths.media/content/wowproductimages/medium/018574.jpg",
          "LargeImageFile": "https://cdn0.woolworths.media/content/wowproductimages/large/018574.jpg",
          "IsNew": false,
          "IsHalfPrice": false,
          "IsOnlineOnly": false,
          "IsOnSpecial": false,
          "InstoreIsOnSpecial": false,
          "IsEdrSpecial": false,
          "SavingsAmount": 0,
          "InstoreSavingsAmount": 0,
          "WasPrice": 3.9,
          "InstoreWasPrice": 3.9,
          "QuantityInTrolley": 0,
          "Unit": "Each",
          "MinimumQuantity": 1,
          "HasBeenBoughtBefore": false,
          "IsInTrolley": false,
          "Source": "Aisle.Freezer",
          "SupplyLimit": 35,
          "ProductLimit": 50,
          "MaxSupplyLimitMessage": "35 item(s) left",
          "IsRanged": true,
          "IsInStock": true,
          "PackageSize": "500G",
          "IsPmDelivery": true,
          "IsForCollection": true,
          "IsForDelivery": true,
          "IsForExpress": true,
          "ProductRestrictionMessage": null,
          "ProductWarningMessage": null,
          "CentreTag": {
            "TagContent": null,
            "TagLink": null,
            "FallbackText": null,
            "TagType": "None",
            "MultibuyData": null,
            "TagContentText": null,
            "DualImageTagContent": null,
            "PromotionType": "NOT_SET",
            "IsRegisteredRewardCardPromotion": false
          },
          "IsCentreTag": false,
          "ImageTag": {
            "TagContent": null,
            "TagLink": null,
            "FallbackText": "",
            "TagType": "None",
            "MultibuyData": null,
            "TagContentText": null,
            "DualImageTagContent": null,
            "PromotionType": "NOT_SET",
            "IsRegisteredRewardCardPromotion": false
          },
          "HeaderTag": {
            "BackgroundColor": "#c20016",
            "BorderColor": "#c20016",
            "TextColor": "#fff",
            "Content": "LOW PRICE",
            "TagLink": null,
            "Promotion": "LowPrice"
          },
          "HasHeaderTag": true,
          "UnitWeightInGrams": 0,
          "SupplyLimitMessage": "'Mccain Peas Baby' has a supply limit of 35. The quantity in your cart has been reduced accordingly. To purchase a larger quantity, please contact us on 1800 000 610. Please note we do not supply trade orders.",
          "SmallFormatDescription": "Mccain Peas Baby",
          "FullDescription": "Mccain Peas Baby",
          "IsAvailable": true,
          "InstoreIsAvailable": true,
          "IsPurchasable": true,
          "InstoreIsPurchasable": true,
          "AgeRestricted": false,
          "DisplayQuantity": 1,
          "RichDescription": null,
          "HideWasSavedPrice": false,
          "SapCategories": null,
          "Brand": "McCain",
          "IsRestrictedByDeliveryMethod": false,
          "FooterTag": {
            "TagContent": "Lower Price Always",
            "TagLink": null,
            "FallbackText": null,
            "TagType": "Html",
            "MultibuyData": null,
            "TagContentText": null,
            "DualImageTagContent": null,
            "PromotionType": "NOT_SET",
            "IsRegisteredRewardCardPromotion": false
          },
          "IsFooterEnabled": true,
          "Diagnostics": "22",
          "IsBundle": false,
          "IsInFamily": false,
          "ChildProducts": null,
          "UrlOverride": null,
          "AdditionalAttributes": {
            "boxedcontents": null,
            "addedvitaminsandminerals": "False",
            "sapdepartmentname": "GROCERIES",
            "spf": null,
            "haircolour": null,
            "lifestyleanddietarystatement": "Vegan",
            "sapcategoryname": "FROZEN MEALS",
            "skintype": null,
            "importantinformation": null,
            "allergystatement": "Wheat Free",
            "productdepthmm": null,
            "skincondition": null,
            "ophthalmologistapproved": null,
            "healthstarrating": "5",
            "hairtype": null,
            "fragrance-free": null,
            "sapsegmentname": "PEAS BABY",
            "suitablefor": null,
            "PiesProductDepartmentsjson": "[{\"Id\":\"1_ACA2FC2\",\"Description\":\"Freezer\"}]",
            "piessubcategorynamesjson": "[\"Beans & Peas\",\"Gluten Free\"]",
            "sapsegmentno": "15",
            "productwidthmm": null,
            "contains": null,
            "sapsubcategoryname": "FREEZER - VEGETABLES",
            "dermatologisttested": null,
            "wool_productpackaging": null,
            "dermatologicallyapproved": null,
            "specialsgroupid": null,
            "productimages": "18574.jpg,18574_2.jpg,18574_8.jpg",
            "productheightmm": null,
            "r&r_hidereviews": null,
            "microwavesafe": "False",
            "paba-free": null,
            "lifestyleclaim": null,
            "alcoholfree": null,
            "tgawarning": null,
            "activeconstituents": null,
            "microwaveable": "False",
            "soap-free": null,
            "countryoforigin": null,
            "isexcludedfromsubstitution": "False",
            "productimagecount": "3",
            "r&r_loggedinreviews": null,
            "anti-dandruff": null,
            "servingsize-total-nip": null,
            "tgahealthwarninglink": null,
            "allergenmaybepresent": null,
            "PiesProductDepartmentNodeId": "1_ACA2FC2",
            "parabenfree": "False",
            "vendorarticleid": null,
            "containsgluten": "False",
            "containsnuts": "False",
            "ingredients": "Baby Peas.",
            "colour": null,
            "manufacturer": null,
            "sapcategoryno": "97",
            "storageinstructions": "Keep frozen at or below minus 18°C.\nDo not thaw before cooking.\nProduct must be cooked before consumption.",
            "tgawarnings": null,
            "piesdepartmentnamesjson": "[\"Freezer\"]",
            "brand": "mccain",
            "oilfree": null,
            "fragrance": null,
            "antibacterial": "False",
            "non-comedogenic": null,
            "antiseptic": "False",
            "bpafree": "False",
            "vendorcostprice": null,
            "description": "Frozen baby peas, picked for perfection & snap frozen locking in goodness. The ideal vegetable staple for your freezer!",
            "sweatresistant": null,
            "sapsubcategoryno": "103",
            "claims": null,
            "antioxidant": "False",
            "phbalanced": null,
            "wool_dietaryclaim": null,
            "ophthalmologisttested": null,
            "sulfatefree": "False",
            "servingsperpack-total-nip": null,
            "piescategorynamesjson": "[\"Frozen Vegetables\",\"Frozen Gluten Free\"]",
            "nutritionalinformation": "{\"Name\":\"Nutritional Information\",\"Attributes\":[{\"Id\":702,\"Name\":\"Calcium Quantity Per 100g - Total - NIP\",\"Value\":\"30mg\",\"Description\":\"Calcium Quantity Per 100g - Total - NIP\",\"SortOrder\":71},{\"Id\":47,\"Name\":\"Calcium Quantity Per Serve - Total - NIP\",\"Value\":\"30mg\",\"Description\":\"Calcium Quantity Per Serve - Total - NIP\",\"SortOrder\":75},{\"Id\":705,\"Name\":\"Carbohydrate Quantity Per 100g - Total - NIP\",\"Value\":\"9.00g\",\"Description\":\"Carbohydrate Quantity Per 100g - Total - NIP\",\"SortOrder\":83},{\"Id\":706,\"Name\":\"Carbohydrate Quantity Per Serve - Total - NIP\",\"Value\":\"9.00g\",\"Description\":\"Carbohydrate Quantity Per Serve - Total - NIP\",\"SortOrder\":87},{\"Id\":191,\"Name\":\"Dietary Fibre Quantity Per 100g - Total - NIP\",\"Value\":\"3.60g\",\"Description\":\"Dietary Fibre Quantity Per 100g - Total - NIP\",\"SortOrder\":175},{\"Id\":120,\"Name\":\"Dietary Fibre Quantity Per Serve - Total - NIP\",\"Value\":\"3.60g\",\"Description\":\"Dietary Fibre Quantity Per Serve - Total - NIP\",\"SortOrder\":179},{\"Id\":759,\"Name\":\"Energy kJ Quantity Per 100g - Total - NIP\",\"Value\":\"300.00kJ\",\"Description\":\"Energy kJ Quantity Per 100g - Total - NIP\",\"SortOrder\":239},{\"Id\":760,\"Name\":\"Energy kJ Quantity Per Serve - Total - NIP\",\"Value\":\"300.00kJ\",\"Description\":\"Energy kJ Quantity Per Serve - Total - NIP\",\"SortOrder\":243},{\"Id\":253,\"Name\":\"Fat Saturated Quantity Per 100g - Total - NIP\",\"Value\":\"0.20g\",\"Description\":\"Fat Saturated Quantity Per 100g - Total - NIP\",\"SortOrder\":251},{\"Id\":258,\"Name\":\"Fat Saturated Quantity Per Serve - Total - NIP\",\"Value\":\"0.20g\",\"Description\":\"Fat Saturated Quantity Per Serve - Total - NIP\",\"SortOrder\":255},{\"Id\":764,\"Name\":\"Fat Total Quantity Per 100g - Total - NIP\",\"Value\":\"0.90g\",\"Description\":\"Fat Total Quantity Per 100g - Total - NIP\",\"SortOrder\":263},{\"Id\":166,\"Name\":\"Fat Total Quantity Per 100g - ValueWord - NIP\",\"Value\":\"0.90\",\"Description\":\"Fat Total Quantity Per 100g - ValueWord - NIP\",\"SortOrder\":264},{\"Id\":264,\"Name\":\"Fat Total Quantity Per Serve - Total - NIP\",\"Value\":\"0.90g\",\"Description\":\"Fat Total Quantity Per Serve - Total - NIP\",\"SortOrder\":267},{\"Id\":443,\"Name\":\"Potassium Quantity Per 100g - Total - NIP\",\"Value\":\"268mg\",\"Description\":\"Potassium Quantity Per 100g - Total - NIP\",\"SortOrder\":575},{\"Id\":493,\"Name\":\"Potassium Quantity Per Serve - Total - NIP\",\"Value\":\"268mg\",\"Description\":\"Potassium Quantity Per Serve - Total - NIP\",\"SortOrder\":579},{\"Id\":878,\"Name\":\"Protein Quantity Per 100g - Total - NIP\",\"Value\":\"5.00g\",\"Description\":\"Protein Quantity Per 100g - Total - NIP\",\"SortOrder\":587},{\"Id\":882,\"Name\":\"Protein Quantity Per Serve - Total - NIP\",\"Value\":\"5.00g\",\"Description\":\"Protein Quantity Per Serve - Total - NIP\",\"SortOrder\":591},{\"Id\":477,\"Name\":\"Serving Size - Total - NIP\",\"Value\":\"100.00g\",\"Description\":\"Serving Size - Total - NIP\",\"SortOrder\":607},{\"Id\":544,\"Name\":\"Servings Per Pack - Total - NIP\",\"Value\":\"5.00\",\"Description\":\"Servings Per Pack - Total - NIP\",\"SortOrder\":611},{\"Id\":491,\"Name\":\"Sodium Quantity Per 100g - Total - NIP\",\"Value\":\"10.00mg\",\"Description\":\"Sodium Quantity Per 100g - Total - NIP\",\"SortOrder\":623},{\"Id\":495,\"Name\":\"Sodium Quantity Per Serve - Total - NIP\",\"Value\":\"10.00mg\",\"Description\":\"Sodium Quantity Per Serve - Total - NIP\",\"SortOrder\":627},{\"Id\":907,\"Name\":\"Sugars Quantity Per 100g - Prefix - NIP\",\"Value\":\"Approx.\",\"Description\":\"Sugars Quantity Per 100g - Prefix - NIP\",\"SortOrder\":645},{\"Id\":908,\"Name\":\"Sugars Quantity Per 100g - SuffixUnits - NIP\",\"Value\":\"g\",\"Description\":\"Sugars Quantity Per 100g - SuffixUnits - NIP\",\"SortOrder\":646},{\"Id\":909,\"Name\":\"Sugars Quantity Per 100g - Total - NIP\",\"Value\":\"6.00g\",\"Description\":\"Sugars Quantity Per 100g - Total - NIP\",\"SortOrder\":647},{\"Id\":910,\"Name\":\"Sugars Quantity Per 100g - ValueWord - NIP\",\"Value\":\"6.00\",\"Description\":\"Sugars Quantity Per 100g - ValueWord - NIP\",\"SortOrder\":648},{\"Id\":504,\"Name\":\"Sugars Quantity Per Serve - Prefix - NIP\",\"Value\":\"Approx.\",\"Description\":\"Sugars Quantity Per Serve - Prefix - NIP\",\"SortOrder\":649},{\"Id\":911,\"Name\":\"Sugars Quantity Per Serve - SuffixUnits - NIP\",\"Value\":\"g\",\"Description\":\"Sugars Quantity Per Serve - SuffixUnits - NIP\",\"SortOrder\":650},{\"Id\":912,\"Name\":\"Sugars Quantity Per Serve - Total - NIP\",\"Value\":\"6.00g\",\"Description\":\"Sugars Quantity Per Serve - Total - NIP\",\"SortOrder\":651},{\"Id\":572,\"Name\":\"Sugars Quantity Per Serve - ValueWord - NIP\",\"Value\":\"6.00\",\"Description\":\"Sugars Quantity Per Serve - ValueWord - NIP\",\"SortOrder\":652}]}",
            "ovencook": "False",
            "vegetarian": "False",
            "hypo-allergenic": null,
            "timer": null,
            "dermatologistrecommended": null,
            "sapdepartmentno": "5",
            "allergencontains": null,
            "waterresistant": null,
            "friendlydisclaimer": null,
            "recyclableinformation": null,
            "usageinstructions": null,
            "freezable": "False"
          },
          "DetailsImagePaths": [
            "https://cdn0.woolworths.media/content/wowproductimages/large/018574.jpg"
          ],
          "Variety": "Baby",
          "Rating": {
            "ReviewCount": 165,
            "RatingCount": 165,
            "RatingSum": 764,
            "OneStarCount": 3,
            "TwoStarCount": 1,
            "ThreeStarCount": 8,
            "FourStarCount": 30,
            "FiveStarCount": 123,
            "Average": 4.63030303030303,
            "OneStarPercentage": 1.81818181818182,
            "TwoStarPercentage": 0.606060606060606,
            "ThreeStarPercentage": 4.84848484848485,
            "FourStarPercentage": 18.1818181818182,
            "FiveStarPercentage": 74.5454545454545
          },
          "HasProductSubs": false,
          "IsSponsoredAd": false,
          "AdID": null,
          "AdIndex": null,
          "IsMarketProduct": false,
          "IsGiftable": false,
          "Vendor": null,
          "Untraceable": false,
          "ThirdPartyProductInfo": null,
          "MarketFeatures": null,
          "MarketSpecifications": null,
          "SupplyLimitSource": "StockQuantity",
          "Tags": [
            {
              "Content": {
                "Type": "Label",
                "Position": "Top",
                "Attributes": {
                  "Text": "LOW PRICE",
                  "Promotion": "LowPrice",
                  "BackgroundColor": "#c20016",
                  "BorderColor": "#c20016",
                  "TextColor": "#fff"
                }
              },
              "TemplateId": null,
              "Metadata": null
            }
          ],
          "IsPersonalisedByPurchaseHistory": false,
          "IsFromFacetedSearch": false,
          "NextAvailabilityDate": null,
          "NumberOfSubstitutes": 0,
          "IsPrimaryVariant": false,
          "VariantGroupId": 0,
          "HasVariants": false,
          "VariantTitle": null,
          "IsTobacco": false
        }
      ],
      "Name": "Mccain Peas Baby",
      "DisplayName": "Mccain Peas Baby 500g"
    },
    {
      "Products": [
        {
          "TileID": 0,
          "Stockcode": 260010,
          "Barcode": "9300633952389",
          "GtinFormat": 13,
          "CupPrice": 12.4,
          "InstoreCupPrice": 12.4,
          "CupMeasure": "1KG",
          "CupString": "$12.40 / 1KG",
          "InstoreCupString": "$12.40 / 1KG",
          "HasCupPrice": true,
          "InstoreHasCupPrice": true,
          "Price": 6.2,
          "InstorePrice": 6.2,
          "Name": "Woolworths Frozen Mixed Berries",
          "DisplayName": "Woolworths Frozen Mixed Berries 500g",
          "UrlFriendlyName": "woolworths-frozen-mixed-berries",
          "Description": " Woolworths Frozen Mixed<br>Berries  500G",
          "SmallImageFile": "https://cdn0.woolworths.media/content/wowproductimages/small/260010.jpg",
          "MediumImageFile": "https://cdn0.woolworths.media/content/wowproductimages/medium/260010.jpg",
          "LargeImageFile": "https://cdn0.woolworths.media/content/wowproductimages/large/260010.jpg",
          "IsNew": false,
          "IsHalfPrice": false,
          "IsOnlineOnly": false,
          "IsOnSpecial": false,
          "InstoreIsOnSpecial": false,
          "IsEdrSpecial": false,
          "SavingsAmount": 0,
          "InstoreSavingsAmount": 0,
          "WasPrice": 6.2,
          "InstoreWasPrice": 6.2,
          "QuantityInTrolley": 0,
          "Unit": "Each",
          "MinimumQuantity": 1,
          "HasBeenBoughtBefore": false,
          "IsInTrolley": false,
          "Source": "Aisle.Freezer",
          "SupplyLimit": 50,
          "ProductLimit": 50,
          "MaxSupplyLimitMessage": "50 item limit",
          "IsRanged": true,
          "IsInStock": true,
          "PackageSize": "500G",
          "IsPmDelivery": true,
          "IsForCollection": true,
          "IsForDelivery": true,
          "IsForExpress": true,
          "ProductRestrictionMessage": null,
          "ProductWarningMessage": null,
          "CentreTag": {
            "TagContent": null,
            "TagLink": null,
            "FallbackText": null,
            "TagType": "None",
            "MultibuyData": null,
            "TagContentText": null,
            "DualImageTagContent": null,
            "PromotionType": "NOT_SET",
            "IsRegisteredRewardCardPromotion": false
          },
          "IsCentreTag": false,
          "ImageTag": {
            "TagContent": null,
            "TagLink": null,
            "FallbackText": "",
            "TagType": "None",
            "MultibuyData": null,
            "TagContentText": null,
            "DualImageTagContent": null,
            "PromotionType": "NOT_SET",
            "IsRegisteredRewardCardPromotion": false
          },
          "HeaderTag": {
            "BackgroundColor": "#c20016",
            "BorderColor": "#c20016",
            "TextColor": "#fff",
            "Content": "LOW PRICE",
            "TagLink": null,
            "Promotion": "LowPrice"
          },
          "HasHeaderTag": true,
          "UnitWeightInGrams": 0,
          "SupplyLimitMessage": "'Woolworths Frozen Mixed Berries' has a supply limit of 50. The quantity in your cart has been reduced accordingly. To purchase a larger quantity, please contact us on 1800 000 610. Please note we do not supply trade orders.",
          "SmallFormatDescription": "Woolworths Frozen Mixed Berries ",
          "FullDescription": "Woolworths Frozen Mixed Berries ",
          "IsAvailable": true,
          "InstoreIsAvailable": true,
          "IsPurchasable": true,
          "InstoreIsPurchasable": true,
          "AgeRestricted": false,
          "DisplayQuantity": 1,
          "RichDescription": null,
          "HideWasSavedPrice": false,
          "SapCategories": null,
          "Brand": "Woolworths",
          "IsRestrictedByDeliveryMethod": false,
          "FooterTag": {
            "TagContent": "Lower Price Always",
            "TagLink": null,
            "FallbackText": null,
            "TagType": "Html",
            "MultibuyData": null,
            "TagContentText": null,
            "DualImageTagContent": null,
            "PromotionType": "NOT_SET",
            "IsRegisteredRewardCardPromotion": false
          },
          "IsFooterEnabled": true,
          "Diagnostics": "23",
          "IsBundle": false,
          "IsInFamily": false,
          "ChildProducts": null,
          "UrlOverride": null,
          "AdditionalAttributes": {
            "boxedcontents": null,
            "addedvitaminsandminerals": "False",
            "sapdepartmentname": "GROCERIES",
            "spf": null,
            "haircolour": null,
            "lifestyleanddietarystatement": "Gluten Free",
            "sapcategoryname": "FREEZER - DESSERTS & PASTRY",
            "skintype": null,
            "importantinformation": null,
            "allergystatement": "Wheat Free",
            "productdepthmm": null,
            "skincondition": null,
            "ophthalmologistapproved": null,
            "healthstarrating": "5",
            "hairtype": null,
            "fragrance-free": null,
            "sapsegmentname": "FRUIT UP TO 500G",
            "suitablefor": null,
            "PiesProductDepartmentsjson": "[{\"Id\":\"1_ACA2FC2\",\"Description\":\"Freezer\"}]",
            "piessubcategorynamesjson": "[\"Gluten Free\",\"Berries & Tropical\"]",
            "sapsegmentno": "1",
            "productwidthmm": null,
            "contains": null,
            "sapsubcategoryname": "FREEZER - FRUIT",
            "dermatologisttested": null,
            "wool_productpackaging": null,
            "dermatologicallyapproved": null,
            "specialsgroupid": null,
            "productimages": "260010.jpg",
            "productheightmm": null,
            "r&r_hidereviews": null,
            "microwavesafe": "False",
            "paba-free": null,
            "lifestyleclaim": null,
            "alcoholfree": null,
            "tgawarning": null,
            "activeconstituents": null,
            "microwaveable": "False",
            "soap-free": null,
            "countryoforigin": null,
            "isexcludedfromsubstitution": "False",
            "productimagecount": "1",
            "r&r_loggedinreviews": null,
            "anti-dandruff": null,
            "servingsize-total-nip": null,
            "tgahealthwarninglink": null,
            "allergenmaybepresent": null,
            "PiesProductDepartmentNodeId": "1_ACA2FC2",
            "parabenfree": "False",
            "vendorarticleid": null,
            "containsgluten": "False",
            "containsnuts": "False",
            "ingredients": "Blueberries, Strawberries, Blackberries, Raspberries",
            "colour": null,
            "manufacturer": null,
            "sapcategoryno": "98",
            "storageinstructions": "Keep Frozen",
            "tgawarnings": null,
            "piesdepartmentnamesjson": "[\"Freezer\"]",
            "brand": "woolworths",
            "oilfree": null,
            "fragrance": null,
            "antibacterial": "False",
            "non-comedogenic": null,
            "antiseptic": "False",
            "bpafree": "False",
            "vendorcostprice": null,
            "description": "Source of fibre for healthy digestion (1) Source of vitamin C for a healthy immune system (1) Fruit a Day: 1 cup = 1 serve of fruit (1) (1) As part of a healthy balanced diet. One serve of fruit is equal to approximately 150g fruit. Australian Dietary Guidelines recommend 2 serves of fruit per day.",
            "sweatresistant": null,
            "sapsubcategoryno": "15",
            "claims": null,
            "antioxidant": "False",
            "phbalanced": null,
            "wool_dietaryclaim": null,
            "ophthalmologisttested": null,
            "sulfatefree": "False",
            "servingsperpack-total-nip": null,
            "piescategorynamesjson": "[\"Frozen Gluten Free\",\"Frozen Fruit\"]",
            "nutritionalinformation": "{\"Name\":\"Nutritional Information\",\"Attributes\":[{\"Id\":702,\"Name\":\"Calcium Quantity Per 100g - Total - NIP\",\"Value\":\"16mg\",\"Description\":\"Calcium Quantity Per 100g - Total - NIP\",\"SortOrder\":71},{\"Id\":47,\"Name\":\"Calcium Quantity Per Serve - Total - NIP\",\"Value\":\"24mg\",\"Description\":\"Calcium Quantity Per Serve - Total - NIP\",\"SortOrder\":75},{\"Id\":705,\"Name\":\"Carbohydrate Quantity Per 100g - Total - NIP\",\"Value\":\"7.20g\",\"Description\":\"Carbohydrate Quantity Per 100g - Total - NIP\",\"SortOrder\":83},{\"Id\":706,\"Name\":\"Carbohydrate Quantity Per Serve - Total - NIP\",\"Value\":\"10.80g\",\"Description\":\"Carbohydrate Quantity Per Serve - Total - NIP\",\"SortOrder\":87},{\"Id\":191,\"Name\":\"Dietary Fibre Quantity Per 100g - Total - NIP\",\"Value\":\"3.80g\",\"Description\":\"Dietary Fibre Quantity Per 100g - Total - NIP\",\"SortOrder\":175},{\"Id\":120,\"Name\":\"Dietary Fibre Quantity Per Serve - Total - NIP\",\"Value\":\"5.70g\",\"Description\":\"Dietary Fibre Quantity Per Serve - Total - NIP\",\"SortOrder\":179},{\"Id\":759,\"Name\":\"Energy kJ Quantity Per 100g - Total - NIP\",\"Value\":\"171.00kJ\",\"Description\":\"Energy kJ Quantity Per 100g - Total - NIP\",\"SortOrder\":239},{\"Id\":760,\"Name\":\"Energy kJ Quantity Per Serve - Total - NIP\",\"Value\":\"256.00kJ\",\"Description\":\"Energy kJ Quantity Per Serve - Total - NIP\",\"SortOrder\":243},{\"Id\":253,\"Name\":\"Fat Saturated Quantity Per 100g - Total - NIP\",\"Value\":\"1.00g\",\"Description\":\"Fat Saturated Quantity Per 100g - Total - NIP\",\"SortOrder\":251},{\"Id\":258,\"Name\":\"Fat Saturated Quantity Per Serve - Total - NIP\",\"Value\":\"1.50g\",\"Description\":\"Fat Saturated Quantity Per Serve - Total - NIP\",\"SortOrder\":255},{\"Id\":764,\"Name\":\"Fat Total Quantity Per 100g - Total - NIP\",\"Value\":\"1.00g\",\"Description\":\"Fat Total Quantity Per 100g - Total - NIP\",\"SortOrder\":263},{\"Id\":166,\"Name\":\"Fat Total Quantity Per 100g - ValueWord - NIP\",\"Value\":\"1.00\",\"Description\":\"Fat Total Quantity Per 100g - ValueWord - NIP\",\"SortOrder\":264},{\"Id\":264,\"Name\":\"Fat Total Quantity Per Serve - Total - NIP\",\"Value\":\"1.50g\",\"Description\":\"Fat Total Quantity Per Serve - Total - NIP\",\"SortOrder\":267},{\"Id\":434,\"Name\":\"Polyunsaturated Quantity Per 100g - Total - NIP\",\"Value\":\"0.01g\",\"Description\":\"Polyunsaturated Quantity Per 100g - Total - NIP\",\"SortOrder\":563},{\"Id\":435,\"Name\":\"Polyunsaturated Quantity Per Serve - Total - NIP\",\"Value\":\"0.02g\",\"Description\":\"Polyunsaturated Quantity Per Serve - Total - NIP\",\"SortOrder\":567},{\"Id\":443,\"Name\":\"Potassium Quantity Per 100g - Total - NIP\",\"Value\":\"139mg\",\"Description\":\"Potassium Quantity Per 100g - Total - NIP\",\"SortOrder\":575},{\"Id\":493,\"Name\":\"Potassium Quantity Per Serve - Total - NIP\",\"Value\":\"208.5mg\",\"Description\":\"Potassium Quantity Per Serve - Total - NIP\",\"SortOrder\":579},{\"Id\":878,\"Name\":\"Protein Quantity Per 100g - Total - NIP\",\"Value\":\"1.00g\",\"Description\":\"Protein Quantity Per 100g - Total - NIP\",\"SortOrder\":587},{\"Id\":882,\"Name\":\"Protein Quantity Per Serve - Total - NIP\",\"Value\":\"1.50g\",\"Description\":\"Protein Quantity Per Serve - Total - NIP\",\"SortOrder\":591},{\"Id\":477,\"Name\":\"Serving Size - Total - NIP\",\"Value\":\"150.00g\",\"Description\":\"Serving Size - Total - NIP\",\"SortOrder\":607},{\"Id\":544,\"Name\":\"Servings Per Pack - Total - NIP\",\"Value\":\"3.00\",\"Description\":\"Servings Per Pack - Total - NIP\",\"SortOrder\":611},{\"Id\":491,\"Name\":\"Sodium Quantity Per 100g - Total - NIP\",\"Value\":\"5.00mg\",\"Description\":\"Sodium Quantity Per 100g - Total - NIP\",\"SortOrder\":623},{\"Id\":495,\"Name\":\"Sodium Quantity Per Serve - Total - NIP\",\"Value\":\"8.00mg\",\"Description\":\"Sodium Quantity Per Serve - Total - NIP\",\"SortOrder\":627},{\"Id\":907,\"Name\":\"Sugars Quantity Per 100g - Prefix - NIP\",\"Value\":\"Approx.\",\"Description\":\"Sugars Quantity Per 100g - Prefix - NIP\",\"SortOrder\":645},{\"Id\":908,\"Name\":\"Sugars Quantity Per 100g - SuffixUnits - NIP\",\"Value\":\"g\",\"Description\":\"Sugars Quantity Per 100g - SuffixUnits - NIP\",\"SortOrder\":646},{\"Id\":909,\"Name\":\"Sugars Quantity Per 100g - Total - NIP\",\"Value\":\"7.00g\",\"Description\":\"Sugars Quantity Per 100g - Total - NIP\",\"SortOrder\":647},{\"Id\":910,\"Name\":\"Sugars Quantity Per 100g - ValueWord - NIP\",\"Value\":\"7.00\",\"Description\":\"Sugars Quantity Per 100g - ValueWord - NIP\",\"SortOrder\":648},{\"Id\":504,\"Name\":\"Sugars Quantity Per Serve - Prefix - NIP\",\"Value\":\"Approx.\",\"Description\":\"Sugars Quantity Per Serve - Prefix - NIP\",\"SortOrder\":649},{\"Id\":911,\"Name\":\"Sugars Quantity Per Serve - SuffixUnits - NIP\",\"Value\":\"g\",\"Description\":\"Sugars Quantity Per Serve - SuffixUnits - NIP\",\"SortOrder\":650},{\"Id\":912,\"Name\":\"Sugars Quantity Per Serve - Total - NIP\",\"Value\":\"10.50g\",\"Description\":\"Sugars Quantity Per Serve - Total - NIP\",\"SortOrder\":651},{\"Id\":572,\"Name\":\"Sugars Quantity Per Serve - ValueWord - NIP\",\"Value\":\"10.50\",\"Description\":\"Sugars Quantity Per Serve - ValueWord - NIP\",\"SortOrder\":652}]}",
            "ovencook": "False",
            "vegetarian": "False",
            "hypo-allergenic": null,
            "timer": null,
            "dermatologistrecommended": null,
            "sapdepartmentno": "5",
            "allergencontains": null,
            "waterresistant": null,
            "friendlydisclaimer": null,
            "recyclableinformation": null,
            "usageinstructions": null,
            "freezable": "False"
          },
          "DetailsImagePaths": [
            "https://cdn0.woolworths.media/content/wowproductimages/large/260010.jpg"
          ],
          "Variety": null,
          "Rating": {
            "ReviewCount": 1105,
            "RatingCount": 1105,
            "RatingSum": 5076,
            "OneStarCount": 11,
            "TwoStarCount": 14,
            "ThreeStarCount": 50,
            "FourStarCount": 263,
            "FiveStarCount": 767,
            "Average": 4.59366515837104,
            "OneStarPercentage": 0.995475113122172,
            "TwoStarPercentage": 1.26696832579186,
            "ThreeStarPercentage": 4.52488687782805,
            "FourStarPercentage": 23.8009049773756,
            "FiveStarPercentage": 69.4117647058823
          },
          "HasProductSubs": false,
          "IsSponsoredAd": false,
          "AdID": null,
          "AdIndex": null,
          "IsMarketProduct": false,
          "IsGiftable": false,
          "Vendor": null,
          "Untraceable": false,
          "ThirdPartyProductInfo": null,
          "MarketFeatures": null,
          "MarketSpecifications": null,
          "SupplyLimitSource": "ProductLimit",
          "Tags": [
            {
              "Content": {
                "Type": "Label",
                "Position": "Top",
                "Attributes": {
                  "Text": "LOW PRICE",
                  "Promotion": "LowPrice",
                  "BackgroundColor": "#c20016",
                  "BorderColor": "#c20016",
                  "TextColor": "#fff"
                }
              },
              "TemplateId": null,
              "Metadata": null
            }
          ],
          "IsPersonalisedByPurchaseHistory": false,
          "IsFromFacetedSearch": false,
          "NextAvailabilityDate": null,
          "NumberOfSubstitutes": 0,
          "IsPrimaryVariant": false,
          "VariantGroupId": 0,
          "HasVariants": false,
          "VariantTitle": null,
          "IsTobacco": false
        }
      ],
      "Name": "Woolworths Frozen Mixed Berries",
      "DisplayName": "Woolworths Frozen Mixed Berries 500g"
    },
    {
      "Products": [
        {
          "TileID": 0,
          "Stockcode": 662935,
          "Barcode": "9310174157488",
          "GtinFormat": 13,
          "CupPrice": 5,
          "InstoreCupPrice": 5,
          "CupMeasure": "1KG",
          "CupString": "$5.00 / 1KG",
          "InstoreCupString": "$5.00 / 1KG",
          "HasCupPrice": true,
          "InstoreHasCupPrice": true,
          "Price": 4.5,
          "InstorePrice": 4.5,
          "Name": "Mccain Superfries Crinkle Cut",
          "DisplayName": "Mccain Superfries Crinkle Cut 900g",
          "UrlFriendlyName": "mccain-superfries-crinkle-cut",
          "Description": " Mccain Superfries Crinkle<br>Cut 900G",
          "SmallImageFile": "https://cdn0.woolworths.media/content/wowproductimages/small/662935.jpg",
          "MediumImageFile": "https://cdn0.woolworths.media/content/wowproductimages/medium/662935.jpg",
          "LargeImageFile": "https://cdn0.woolworths.media/content/wowproductimages/large/662935.jpg",
          "IsNew": false,
          "IsHalfPrice": false,
          "IsOnlineOnly": false,
          "IsOnSpecial": false,
          "InstoreIsOnSpecial": false,
          "IsEdrSpecial": false,
          "SavingsAmount": 0,
          "InstoreSavingsAmount": 0,
          "WasPrice": 4.5,
          "InstoreWasPrice": 4.5,
          "QuantityInTrolley": 0,
          "Unit": "Each",
          "MinimumQuantity": 1,
          "HasBeenBoughtBefore": false,
          "IsInTrolley": false,
          "Source": "Aisle.Freezer",
          "SupplyLimit": 43,
          "ProductLimit": 50,
          "MaxSupplyLimitMessage": "43 item(s) left",
          "IsRanged": true,
          "IsInStock": true,
          "PackageSize": "900G",
          "IsPmDelivery": true,
          "IsForCollection": true,
          "IsForDelivery": true,
          "IsForExpress": true,
          "ProductRestrictionMessage": null,
          "ProductWarningMessage": null,
          "CentreTag": {
            "TagContent": null,
            "TagLink": null,
            "FallbackText": null,
            "TagType": "None",
            "MultibuyData": null,
            "TagContentText": null,
            "DualImageTagContent": null,
            "PromotionType": "NOT_SET",
            "IsRegisteredRewardCardPromotion": false
          },
          "IsCentreTag": false,
          "ImageTag": {
            "TagContent": null,
            "TagLink": null,
            "FallbackText": "",
            "TagType": "None",
            "MultibuyData": null,
            "TagContentText": null,
            "DualImageTagContent": null,
            "PromotionType": "NOT_SET",
            "IsRegisteredRewardCardPromotion": false
          },
          "HeaderTag": {
            "BackgroundColor": "#c20016",
            "BorderColor": "#c20016",
            "TextColor": "#fff",
            "Content": "LOW PRICE",
            "TagLink": null,
            "Promotion": "LowPrice"
          },
          "HasHeaderTag": true,
          "UnitWeightInGrams": 0,
          "SupplyLimitMessage": "'Mccain Superfries Crinkle Cut' has a supply limit of 43. The quantity in your cart has been reduced accordingly. To purchase a larger quantity, please contact us on 1800 000 610. Please note we do not supply trade orders.",
          "SmallFormatDescription": "Mccain Superfries Crinkle Cut",
          "FullDescription": "Mccain Superfries Crinkle Cut",
          "IsAvailable": true,
          "InstoreIsAvailable": true,
          "IsPurchasable": true,
          "InstoreIsPurchasable": true,
          "AgeRestricted": false,
          "DisplayQuantity": 1,
          "RichDescription": null,
          "HideWasSavedPrice": false,
          "SapCategories": null,
          "Brand": "McCain",
          "IsRestrictedByDeliveryMethod": false,
          "FooterTag": {
            "TagContent": "Lower Price Always",
            "TagLink": null,
            "FallbackText": null,
            "TagType": "Html",
            "MultibuyData": null,
            "TagContentText": null,
            "DualImageTagContent": null,
            "PromotionType": "NOT_SET",
            "IsRegisteredRewardCardPromotion": false
          },
          "IsFooterEnabled": true,
          "Diagnostics": "24",
          "IsBundle": false,
          "IsInFamily": false,
          "ChildProducts": null,
          "UrlOverride": null,
          "AdditionalAttributes": {
            "boxedcontents": null,
            "addedvitaminsandminerals": "False",
            "sapdepartmentname": "GROCERIES",
            "spf": null,
            "haircolour": null,
            "lifestyleanddietarystatement": "Low Sugar",
            "sapcategoryname": "FREEZER - VEGETABLES",
            "skintype": null,
            "importantinformation": null,
            "allergystatement": "Wheat Free",
            "productdepthmm": null,
            "skincondition": null,
            "ophthalmologistapproved": null,
            "healthstarrating": "4.5",
            "hairtype": null,
            "fragrance-free": null,
            "sapsegmentname": "POTATO CHIPS - (PLAIN CHIPS)",
            "suitablefor": null,
            "PiesProductDepartmentsjson": "[{\"Id\":\"1_D5A2236\",\"Description\":\"Poultry, Meat & Seafood\"},{\"Id\":\"1_ACA2FC2\",\"Description\":\"Freezer\"}]",
            "piessubcategorynamesjson": "[\"Chips\"]",
            "sapsegmentno": "28",
            "productwidthmm": null,
            "contains": null,
            "sapsubcategoryname": "FREEZER - POTATO",
            "dermatologisttested": null,
            "wool_productpackaging": null,
            "dermatologicallyapproved": null,
            "specialsgroupid": null,
            "productimages": "662935.jpg,662935_2.jpg,662935_8.jpg",
            "productheightmm": null,
            "r&r_hidereviews": null,
            "microwavesafe": "False",
            "paba-free": null,
            "lifestyleclaim": "Real Australian potatoes, Cooked in Canola Oil",
            "alcoholfree": null,
            "tgawarning": null,
            "activeconstituents": null,
            "microwaveable": "False",
            "soap-free": null,
            "countryoforigin": null,
            "isexcludedfromsubstitution": "False",
            "productimagecount": "3",
            "r&r_loggedinreviews": null,
            "anti-dandruff": null,
            "servingsize-total-nip": null,
            "tgahealthwarninglink": null,
            "allergenmaybepresent": "Gluten containing cereals, Sulphites",
            "PiesProductDepartmentNodeId": "1_D5A2236",
            "parabenfree": "False",
            "vendorarticleid": null,
            "containsgluten": "False",
            "containsnuts": "False",
            "ingredients": "Potato (95%), Canola oil, Dextrose (from maize).",
            "colour": null,
            "manufacturer": null,
            "sapcategoryno": "95",
            "storageinstructions": "Store at or below minus 18°C. Do not thaw before cooking. Product must be cooked before consumption.",
            "tgawarnings": null,
            "piesdepartmentnamesjson": "[\"Poultry, Meat & Seafood\",\"Freezer\"]",
            "brand": "mccain",
            "oilfree": null,
            "fragrance": null,
            "antibacterial": "False",
            "non-comedogenic": null,
            "antiseptic": "False",
            "bpafree": "False",
            "vendorcostprice": null,
            "description": "McCain SuperFries Crinkle are the classic chips we all know and love. Made with 100% Aussie potatoes for almost 50 years, McCain SuperFries will ensure empty plates and happy faces all round the dinner table.",
            "sweatresistant": null,
            "sapsubcategoryno": "67",
            "claims": null,
            "antioxidant": "False",
            "phbalanced": null,
            "wool_dietaryclaim": null,
            "ophthalmologisttested": null,
            "sulfatefree": "False",
            "servingsperpack-total-nip": null,
            "piescategorynamesjson": "[\"Chips & Wedges\"]",
            "nutritionalinformation": "{\"Name\":\"Nutritional Information\",\"Attributes\":[{\"Id\":705,\"Name\":\"Carbohydrate Quantity Per 100g - Total - NIP\",\"Value\":\"23.30g\",\"Description\":\"Carbohydrate Quantity Per 100g - Total - NIP\",\"SortOrder\":83},{\"Id\":706,\"Name\":\"Carbohydrate Quantity Per Serve - Total - NIP\",\"Value\":\"23.30g\",\"Description\":\"Carbohydrate Quantity Per Serve - Total - NIP\",\"SortOrder\":87},{\"Id\":191,\"Name\":\"Dietary Fibre Quantity Per 100g - Total - NIP\",\"Value\":\"2.30g\",\"Description\":\"Dietary Fibre Quantity Per 100g - Total - NIP\",\"SortOrder\":175},{\"Id\":120,\"Name\":\"Dietary Fibre Quantity Per Serve - Total - NIP\",\"Value\":\"2.30g\",\"Description\":\"Dietary Fibre Quantity Per Serve - Total - NIP\",\"SortOrder\":179},{\"Id\":759,\"Name\":\"Energy kJ Quantity Per 100g - Total - NIP\",\"Value\":\"627.00kJ\",\"Description\":\"Energy kJ Quantity Per 100g - Total - NIP\",\"SortOrder\":239},{\"Id\":760,\"Name\":\"Energy kJ Quantity Per Serve - Total - NIP\",\"Value\":\"627.00kJ\",\"Description\":\"Energy kJ Quantity Per Serve - Total - NIP\",\"SortOrder\":243},{\"Id\":253,\"Name\":\"Fat Saturated Quantity Per 100g - Total - NIP\",\"Value\":\"0.40g\",\"Description\":\"Fat Saturated Quantity Per 100g - Total - NIP\",\"SortOrder\":251},{\"Id\":258,\"Name\":\"Fat Saturated Quantity Per Serve - Total - NIP\",\"Value\":\"0.40g\",\"Description\":\"Fat Saturated Quantity Per Serve - Total - NIP\",\"SortOrder\":255},{\"Id\":764,\"Name\":\"Fat Total Quantity Per 100g - Total - NIP\",\"Value\":\"4.40g\",\"Description\":\"Fat Total Quantity Per 100g - Total - NIP\",\"SortOrder\":263},{\"Id\":166,\"Name\":\"Fat Total Quantity Per 100g - ValueWord - NIP\",\"Value\":\"4.40\",\"Description\":\"Fat Total Quantity Per 100g - ValueWord - NIP\",\"SortOrder\":264},{\"Id\":264,\"Name\":\"Fat Total Quantity Per Serve - Total - NIP\",\"Value\":\"4.40g\",\"Description\":\"Fat Total Quantity Per Serve - Total - NIP\",\"SortOrder\":267},{\"Id\":878,\"Name\":\"Protein Quantity Per 100g - Total - NIP\",\"Value\":\"2.90g\",\"Description\":\"Protein Quantity Per 100g - Total - NIP\",\"SortOrder\":587},{\"Id\":882,\"Name\":\"Protein Quantity Per Serve - Total - NIP\",\"Value\":\"2.90g\",\"Description\":\"Protein Quantity Per Serve - Total - NIP\",\"SortOrder\":591},{\"Id\":477,\"Name\":\"Serving Size - Total - NIP\",\"Value\":\"100.00g\",\"Description\":\"Serving Size - Total - NIP\",\"SortOrder\":607},{\"Id\":544,\"Name\":\"Servings Per Pack - Total - NIP\",\"Value\":\"9.00\",\"Description\":\"Servings Per Pack - Total - NIP\",\"SortOrder\":611},{\"Id\":491,\"Name\":\"Sodium Quantity Per 100g - Total - NIP\",\"Value\":\"48.00mg\",\"Description\":\"Sodium Quantity Per 100g - Total - NIP\",\"SortOrder\":623},{\"Id\":495,\"Name\":\"Sodium Quantity Per Serve - Total - NIP\",\"Value\":\"48.00mg\",\"Description\":\"Sodium Quantity Per Serve - Total - NIP\",\"SortOrder\":627},{\"Id\":907,\"Name\":\"Sugars Quantity Per 100g - Prefix - NIP\",\"Value\":\"Approx.\",\"Description\":\"Sugars Quantity Per 100g - Prefix - NIP\",\"SortOrder\":645},{\"Id\":908,\"Name\":\"Sugars Quantity Per 100g - SuffixUnits - NIP\",\"Value\":\"g\",\"Description\":\"Sugars Quantity Per 100g - SuffixUnits - NIP\",\"SortOrder\":646},{\"Id\":909,\"Name\":\"Sugars Quantity Per 100g - Total - NIP\",\"Value\":\"0.40g\",\"Description\":\"Sugars Quantity Per 100g - Total - NIP\",\"SortOrder\":647},{\"Id\":910,\"Name\":\"Sugars Quantity Per 100g - ValueWord - NIP\",\"Value\":\"0.40\",\"Description\":\"Sugars Quantity Per 100g - ValueWord - NIP\",\"SortOrder\":648},{\"Id\":504,\"Name\":\"Sugars Quantity Per Serve - Prefix - NIP\",\"Value\":\"Approx.\",\"Description\":\"Sugars Quantity Per Serve - Prefix - NIP\",\"SortOrder\":649},{\"Id\":911,\"Name\":\"Sugars Quantity Per Serve - SuffixUnits - NIP\",\"Value\":\"g\",\"Description\":\"Sugars Quantity Per Serve - SuffixUnits - NIP\",\"SortOrder\":650},{\"Id\":912,\"Name\":\"Sugars Quantity Per Serve - Total - NIP\",\"Value\":\"0.40g\",\"Description\":\"Sugars Quantity Per Serve - Total - NIP\",\"SortOrder\":651},{\"Id\":572,\"Name\":\"Sugars Quantity Per Serve - ValueWord - NIP\",\"Value\":\"0.40\",\"Description\":\"Sugars Quantity Per Serve - ValueWord - NIP\",\"SortOrder\":652}]}",
            "ovencook": "False",
            "vegetarian": "False",
            "hypo-allergenic": null,
            "timer": null,
            "dermatologistrecommended": null,
            "sapdepartmentno": "5",
            "allergencontains": null,
            "waterresistant": null,
            "friendlydisclaimer": null,
            "recyclableinformation": null,
            "usageinstructions": null,
            "freezable": "False"
          },
          "DetailsImagePaths": [
            "https://cdn0.woolworths.media/content/wowproductimages/large/662935.jpg"
          ],
          "Variety": "Crinkle Cut",
          "Rating": {
            "ReviewCount": 147,
            "RatingCount": 147,
            "RatingSum": 637,
            "OneStarCount": 5,
            "TwoStarCount": 5,
            "ThreeStarCount": 13,
            "FourStarCount": 37,
            "FiveStarCount": 87,
            "Average": 4.33333333333333,
            "OneStarPercentage": 3.40136054421769,
            "TwoStarPercentage": 3.40136054421769,
            "ThreeStarPercentage": 8.84353741496599,
            "FourStarPercentage": 25.1700680272109,
            "FiveStarPercentage": 59.1836734693878
          },
          "HasProductSubs": false,
          "IsSponsoredAd": false,
          "AdID": null,
          "AdIndex": null,
          "IsMarketProduct": false,
          "IsGiftable": false,
          "Vendor": null,
          "Untraceable": false,
          "ThirdPartyProductInfo": null,
          "MarketFeatures": null,
          "MarketSpecifications": null,
          "SupplyLimitSource": "StockQuantity",
          "Tags": [
            {
              "Content": {
                "Type": "Label",
                "Position": "Top",
                "Attributes": {
                  "Text": "LOW PRICE",
                  "Promotion": "LowPrice",
                  "BackgroundColor": "#c20016",
                  "BorderColor": "#c20016",
                  "TextColor": "#fff"
                }
              },
              "TemplateId": null,
              "Metadata": null
            }
          ],
          "IsPersonalisedByPurchaseHistory": false,
          "IsFromFacetedSearch": false,
          "NextAvailabilityDate": null,
          "NumberOfSubstitutes": 0,
          "IsPrimaryVariant": false,
          "VariantGroupId": 0,
          "HasVariants": false,
          "VariantTitle": null,
          "IsTobacco": false
        }
      ],
      "Name": "Mccain Superfries Crinkle Cut",
      "DisplayName": "Mccain Superfries Crinkle Cut 900g"
    },
    {
      "Products": [
        {
          "TileID": 0,
          "Stockcode": 754169,
          "Barcode": "9300633415259",
          "GtinFormat": 13,
          "CupPrice": null,
          "InstoreCupPrice": null,
          "CupMeasure": "1KG",
          "CupString": "",
          "InstoreCupString": "",
          "HasCupPrice": false,
          "InstoreHasCupPrice": false,
          "Price": null,
          "InstorePrice": null,
          "Name": "Woolworths Frozen Australian Peas",
          "DisplayName": "Woolworths Frozen Australian Peas 1kg",
          "UrlFriendlyName": "woolworths-frozen-australian-peas",
          "Description": " Woolworths Frozen Australian<br>Peas 1kg",
          "SmallImageFile": "https://cdn0.woolworths.media/content/wowproductimages/small/754169.jpg",
          "MediumImageFile": "https://cdn0.woolworths.media/content/wowproductimages/medium/754169.jpg",
          "LargeImageFile": "https://cdn0.woolworths.media/content/wowproductimages/large/754169.jpg",
          "IsNew": false,
          "IsHalfPrice": false,
          "IsOnlineOnly": false,
          "IsOnSpecial": false,
          "InstoreIsOnSpecial": false,
          "IsEdrSpecial": false,
          "SavingsAmount": null,
          "InstoreSavingsAmount": null,
          "WasPrice": 3.8,
          "InstoreWasPrice": 3.8,
          "QuantityInTrolley": 0,
          "Unit": "Each",
          "MinimumQuantity": 1,
          "HasBeenBoughtBefore": false,
          "IsInTrolley": false,
          "Source": "Aisle.Freezer",
          "SupplyLimit": 50,
          "ProductLimit": 50,
          "MaxSupplyLimitMessage": "50 item limit",
          "IsRanged": true,
          "IsInStock": false,
          "PackageSize": "1kg",
          "IsPmDelivery": true,
          "IsForCollection": true,
          "IsForDelivery": true,
          "IsForExpress": true,
          "ProductRestrictionMessage": null,
          "ProductWarningMessage": null,
          "CentreTag": {
            "TagContent": null,
            "TagLink": null,
            "FallbackText": null,
            "TagType": "None",
            "MultibuyData": null,
            "TagContentText": null,
            "DualImageTagContent": null,
            "PromotionType": "NOT_SET",
            "IsRegisteredRewardCardPromotion": false
          },
          "IsCentreTag": false,
          "ImageTag": {
            "TagContent": null,
            "TagLink": null,
            "FallbackText": null,
            "TagType": "None",
            "MultibuyData": null,
            "TagContentText": null,
            "DualImageTagContent": null,
            "PromotionType": "NOT_SET",
            "IsRegisteredRewardCardPromotion": false
          },
          "HeaderTag": null,
          "HasHeaderTag": false,
          "UnitWeightInGrams": 0,
          "SupplyLimitMessage": "'Woolworths Frozen Australian Peas' has a supply limit of 50. The quantity in your cart has been reduced accordingly. To purchase a larger quantity, please contact us on 1800 000 610. Please note we do not supply trade orders.",
          "SmallFormatDescription": "Woolworths Frozen Australian Peas",
          "FullDescription": "Woolworths Frozen Australian Peas",
          "IsAvailable": false,
          "InstoreIsAvailable": false,
          "IsPurchasable": false,
          "InstoreIsPurchasable": false,
          "AgeRestricted": false,
          "DisplayQuantity": 1,
          "RichDescription": null,
          "HideWasSavedPrice": true,
          "SapCategories": null,
          "Brand": "Woolworths",
          "IsRestrictedByDeliveryMethod": false,
          "FooterTag": {
            "TagContent": null,
            "TagLink": null,
            "FallbackText": null,
            "TagType": "None",
            "MultibuyData": null,
            "TagContentText": null,
            "DualImageTagContent": null,
            "PromotionType": "NOT_SET",
            "IsRegisteredRewardCardPromotion": false
          },
          "IsFooterEnabled": true,
          "Diagnostics": "25",
          "IsBundle": false,
          "IsInFamily": false,
          "ChildProducts": null,
          "UrlOverride": null,
          "AdditionalAttributes": {
            "boxedcontents": null,
            "addedvitaminsandminerals": "False",
            "sapdepartmentname": "GROCERIES",
            "spf": null,
            "haircolour": null,
            "lifestyleanddietarystatement": "Gluten Free",
            "sapcategoryname": "FROZEN MEALS",
            "skintype": null,
            "importantinformation": null,
            "allergystatement": "No Artificial Colours or Flavours",
            "productdepthmm": null,
            "skincondition": null,
            "ophthalmologistapproved": null,
            "healthstarrating": "5",
            "hairtype": null,
            "fragrance-free": null,
            "sapsegmentname": "PEAS",
            "suitablefor": null,
            "PiesProductDepartmentsjson": "[{\"Id\":\"1_ACA2FC2\",\"Description\":\"Freezer\"},{\"Id\":\"1_D5A2236\",\"Description\":\"Poultry, Meat & Seafood\"}]",
            "piessubcategorynamesjson": "[\"Beans & Peas\",\"Gluten Free\"]",
            "sapsegmentno": "14",
            "productwidthmm": null,
            "contains": null,
            "sapsubcategoryname": "FREEZER - VEGETABLES",
            "dermatologisttested": null,
            "wool_productpackaging": null,
            "dermatologicallyapproved": null,
            "specialsgroupid": null,
            "productimages": "754169.jpg",
            "productheightmm": null,
            "r&r_hidereviews": null,
            "microwavesafe": "False",
            "paba-free": null,
            "lifestyleclaim": null,
            "alcoholfree": null,
            "tgawarning": null,
            "activeconstituents": null,
            "microwaveable": "False",
            "soap-free": null,
            "countryoforigin": null,
            "isexcludedfromsubstitution": "False",
            "productimagecount": "1",
            "r&r_loggedinreviews": null,
            "anti-dandruff": null,
            "servingsize-total-nip": null,
            "tgahealthwarninglink": null,
            "allergenmaybepresent": null,
            "PiesProductDepartmentNodeId": "1_ACA2FC2",
            "parabenfree": "False",
            "vendorarticleid": null,
            "containsgluten": "False",
            "containsnuts": "False",
            "ingredients": "Peas.",
            "colour": null,
            "manufacturer": null,
            "sapcategoryno": "97",
            "storageinstructions": "Keep frozen at or below -18oC.",
            "tgawarnings": null,
            "piesdepartmentnamesjson": "[\"Freezer\",\"Poultry, Meat & Seafood\"]",
            "brand": "woolworths",
            "oilfree": null,
            "fragrance": null,
            "antibacterial": "False",
            "non-comedogenic": null,
            "antiseptic": "False",
            "bpafree": "False",
            "vendorcostprice": null,
            "description": "<p>The Woolworths Select range of frozen vegetables are snap frozen to lock in the freshness and flavour, providing a convenient and nutritious way to enjoy vegetables.</p>",
            "sweatresistant": null,
            "sapsubcategoryno": "103",
            "claims": null,
            "antioxidant": "False",
            "phbalanced": null,
            "wool_dietaryclaim": null,
            "ophthalmologisttested": null,
            "sulfatefree": "False",
            "servingsperpack-total-nip": null,
            "piescategorynamesjson": "[\"Frozen Vegetables\",\"Frozen Gluten Free\"]",
            "nutritionalinformation": "{\"Name\":\"Nutritional Information\",\"Attributes\":[{\"Id\":702,\"Name\":\"Calcium Quantity Per 100g - Total - NIP\",\"Value\":\"30mg\",\"Description\":\"Calcium Quantity Per 100g - Total - NIP\",\"SortOrder\":71},{\"Id\":47,\"Name\":\"Calcium Quantity Per Serve - Total - NIP\",\"Value\":\"30mg\",\"Description\":\"Calcium Quantity Per Serve - Total - NIP\",\"SortOrder\":75},{\"Id\":705,\"Name\":\"Carbohydrate Quantity Per 100g - Total - NIP\",\"Value\":\"6.40g\",\"Description\":\"Carbohydrate Quantity Per 100g - Total - NIP\",\"SortOrder\":83},{\"Id\":706,\"Name\":\"Carbohydrate Quantity Per Serve - Total - NIP\",\"Value\":\"<4.80g\",\"Description\":\"Carbohydrate Quantity Per Serve - Total - NIP\",\"SortOrder\":87},{\"Id\":191,\"Name\":\"Dietary Fibre Quantity Per 100g - Total - NIP\",\"Value\":\"5.20g\",\"Description\":\"Dietary Fibre Quantity Per 100g - Total - NIP\",\"SortOrder\":175},{\"Id\":120,\"Name\":\"Dietary Fibre Quantity Per Serve - Total - NIP\",\"Value\":\"3.90g\",\"Description\":\"Dietary Fibre Quantity Per Serve - Total - NIP\",\"SortOrder\":179},{\"Id\":759,\"Name\":\"Energy kJ Quantity Per 100g - Total - NIP\",\"Value\":\"247.00kJ\",\"Description\":\"Energy kJ Quantity Per 100g - Total - NIP\",\"SortOrder\":239},{\"Id\":760,\"Name\":\"Energy kJ Quantity Per Serve - Total - NIP\",\"Value\":\"185.00kJ\",\"Description\":\"Energy kJ Quantity Per Serve - Total - NIP\",\"SortOrder\":243},{\"Id\":253,\"Name\":\"Fat Saturated Quantity Per 100g - Total - NIP\",\"Value\":\"<1.00g\",\"Description\":\"Fat Saturated Quantity Per 100g - Total - NIP\",\"SortOrder\":251},{\"Id\":258,\"Name\":\"Fat Saturated Quantity Per Serve - Total - NIP\",\"Value\":\"<0.80g\",\"Description\":\"Fat Saturated Quantity Per Serve - Total - NIP\",\"SortOrder\":255},{\"Id\":764,\"Name\":\"Fat Total Quantity Per 100g - Total - NIP\",\"Value\":\"<1.00g\",\"Description\":\"Fat Total Quantity Per 100g - Total - NIP\",\"SortOrder\":263},{\"Id\":166,\"Name\":\"Fat Total Quantity Per 100g - ValueWord - NIP\",\"Value\":\"1.00\",\"Description\":\"Fat Total Quantity Per 100g - ValueWord - NIP\",\"SortOrder\":264},{\"Id\":264,\"Name\":\"Fat Total Quantity Per Serve - Total - NIP\",\"Value\":\"<0.80g\",\"Description\":\"Fat Total Quantity Per Serve - Total - NIP\",\"SortOrder\":267},{\"Id\":443,\"Name\":\"Potassium Quantity Per 100g - Total - NIP\",\"Value\":\"268mg\",\"Description\":\"Potassium Quantity Per 100g - Total - NIP\",\"SortOrder\":575},{\"Id\":493,\"Name\":\"Potassium Quantity Per Serve - Total - NIP\",\"Value\":\"268mg\",\"Description\":\"Potassium Quantity Per Serve - Total - NIP\",\"SortOrder\":579},{\"Id\":878,\"Name\":\"Protein Quantity Per 100g - Total - NIP\",\"Value\":\"4.80g\",\"Description\":\"Protein Quantity Per 100g - Total - NIP\",\"SortOrder\":587},{\"Id\":882,\"Name\":\"Protein Quantity Per Serve - Total - NIP\",\"Value\":\"3.60g\",\"Description\":\"Protein Quantity Per Serve - Total - NIP\",\"SortOrder\":591},{\"Id\":477,\"Name\":\"Serving Size - Total - NIP\",\"Value\":\"75.00g\",\"Description\":\"Serving Size - Total - NIP\",\"SortOrder\":607},{\"Id\":544,\"Name\":\"Servings Per Pack - Total - NIP\",\"Value\":\"13.00\",\"Description\":\"Servings Per Pack - Total - NIP\",\"SortOrder\":611},{\"Id\":491,\"Name\":\"Sodium Quantity Per 100g - Total - NIP\",\"Value\":\"<5.00mg\",\"Description\":\"Sodium Quantity Per 100g - Total - NIP\",\"SortOrder\":623},{\"Id\":495,\"Name\":\"Sodium Quantity Per Serve - Total - NIP\",\"Value\":\"<4.00mg\",\"Description\":\"Sodium Quantity Per Serve - Total - NIP\",\"SortOrder\":627},{\"Id\":907,\"Name\":\"Sugars Quantity Per 100g - Prefix - NIP\",\"Value\":null,\"Description\":\"Sugars Quantity Per 100g - Prefix - NIP\",\"SortOrder\":645},{\"Id\":908,\"Name\":\"Sugars Quantity Per 100g - SuffixUnits - NIP\",\"Value\":\"g\",\"Description\":\"Sugars Quantity Per 100g - SuffixUnits - NIP\",\"SortOrder\":646},{\"Id\":909,\"Name\":\"Sugars Quantity Per 100g - Total - NIP\",\"Value\":\"2.70g\",\"Description\":\"Sugars Quantity Per 100g - Total - NIP\",\"SortOrder\":647},{\"Id\":910,\"Name\":\"Sugars Quantity Per 100g - ValueWord - NIP\",\"Value\":\"2.70\",\"Description\":\"Sugars Quantity Per 100g - ValueWord - NIP\",\"SortOrder\":648},{\"Id\":504,\"Name\":\"Sugars Quantity Per Serve - Prefix - NIP\",\"Value\":null,\"Description\":\"Sugars Quantity Per Serve - Prefix - NIP\",\"SortOrder\":649},{\"Id\":911,\"Name\":\"Sugars Quantity Per Serve - SuffixUnits - NIP\",\"Value\":\"g\",\"Description\":\"Sugars Quantity Per Serve - SuffixUnits - NIP\",\"SortOrder\":650},{\"Id\":912,\"Name\":\"Sugars Quantity Per Serve - Total - NIP\",\"Value\":\"2.00g\",\"Description\":\"Sugars Quantity Per Serve - Total - NIP\",\"SortOrder\":651},{\"Id\":572,\"Name\":\"Sugars Quantity Per Serve - ValueWord - NIP\",\"Value\":\"2.00\",\"Description\":\"Sugars Quantity Per Serve - ValueWord - NIP\",\"SortOrder\":652}]}",
            "ovencook": "False",
            "vegetarian": "False",
            "hypo-allergenic": null,
            "timer": null,
            "dermatologistrecommended": null,
            "sapdepartmentno": "5",
            "allergencontains": null,
            "waterresistant": null,
            "friendlydisclaimer": null,
            "recyclableinformation": null,
            "usageinstructions": null,
            "freezable": "False"
          },
          "DetailsImagePaths": [
            "https://cdn0.woolworths.media/content/wowproductimages/large/754169.jpg"
          ],
          "Variety": "Peas",
          "Rating": {
            "ReviewCount": 1179,
            "RatingCount": 1179,
            "RatingSum": 5621,
            "OneStarCount": 1,
            "TwoStarCount": 2,
            "ThreeStarCount": 30,
            "FourStarCount": 204,
            "FiveStarCount": 942,
            "Average": 4.76759966072943,
            "OneStarPercentage": 0.0848176420695505,
            "TwoStarPercentage": 0.169635284139101,
            "ThreeStarPercentage": 2.54452926208651,
            "FourStarPercentage": 17.3027989821883,
            "FiveStarPercentage": 79.8982188295165
          },
          "HasProductSubs": false,
          "IsSponsoredAd": false,
          "AdID": null,
          "AdIndex": null,
          "IsMarketProduct": false,
          "IsGiftable": false,
          "Vendor": null,
          "Untraceable": false,
          "ThirdPartyProductInfo": null,
          "MarketFeatures": null,
          "MarketSpecifications": null,
          "SupplyLimitSource": "ProductLimit",
          "Tags": null,
          "IsPersonalisedByPurchaseHistory": false,
          "IsFromFacetedSearch": false,
          "NextAvailabilityDate": null,
          "NumberOfSubstitutes": 9,
          "IsPrimaryVariant": false,
          "VariantGroupId": 0,
          "HasVariants": false,
          "VariantTitle": null,
          "IsTobacco": false
        }
      ],
      "Name": "Woolworths Frozen Australian Peas",
      "DisplayName": "Woolworths Frozen Australian Peas 1kg"
    },
    {
      "Products": [
        {
          "TileID": 0,
          "Stockcode": 429362,
          "Barcode": "9300633565121",
          "GtinFormat": 13,
          "CupPrice": 4,
          "InstoreCupPrice": 4,
          "CupMeasure": "1KG",
          "CupString": "$4.00 / 1KG",
          "InstoreCupString": "$4.00 / 1KG",
          "HasCupPrice": true,
          "InstoreHasCupPrice": true,
          "Price": 4,
          "InstorePrice": 4,
          "Name": "Bell Farms Frozen Chips Steak Cut",
          "DisplayName": "Bell Farms Frozen Chips Steak Cut 1kg",
          "UrlFriendlyName": "bell-farms-frozen-chips-steak-cut",
          "Description": " Bell Farms Frozen Chips<br>Steak Cut 1Kg",
          "SmallImageFile": "https://cdn0.woolworths.media/content/wowproductimages/small/429362.jpg",
          "MediumImageFile": "https://cdn0.woolworths.media/content/wowproductimages/medium/429362.jpg",
          "LargeImageFile": "https://cdn0.woolworths.media/content/wowproductimages/large/429362.jpg",
          "IsNew": false,
          "IsHalfPrice": false,
          "IsOnlineOnly": false,
          "IsOnSpecial": false,
          "InstoreIsOnSpecial": false,
          "IsEdrSpecial": false,
          "SavingsAmount": 0,
          "InstoreSavingsAmount": 0,
          "WasPrice": 4,
          "InstoreWasPrice": 4,
          "QuantityInTrolley": 0,
          "Unit": "Each",
          "MinimumQuantity": 1,
          "HasBeenBoughtBefore": false,
          "IsInTrolley": false,
          "Source": "Aisle.Freezer",
          "SupplyLimit": 14,
          "ProductLimit": 50,
          "MaxSupplyLimitMessage": "14 item(s) left",
          "IsRanged": true,
          "IsInStock": true,
          "PackageSize": "1Kg",
          "IsPmDelivery": true,
          "IsForCollection": true,
          "IsForDelivery": true,
          "IsForExpress": true,
          "ProductRestrictionMessage": null,
          "ProductWarningMessage": null,
          "CentreTag": {
            "TagContent": null,
            "TagLink": null,
            "FallbackText": null,
            "TagType": "None",
            "MultibuyData": null,
            "TagContentText": null,
            "DualImageTagContent": null,
            "PromotionType": "NOT_SET",
            "IsRegisteredRewardCardPromotion": false
          },
          "IsCentreTag": false,
          "ImageTag": {
            "TagContent": null,
            "TagLink": null,
            "FallbackText": "",
            "TagType": "None",
            "MultibuyData": null,
            "TagContentText": null,
            "DualImageTagContent": null,
            "PromotionType": "NOT_SET",
            "IsRegisteredRewardCardPromotion": false
          },
          "HeaderTag": null,
          "HasHeaderTag": false,
          "UnitWeightInGrams": 0,
          "SupplyLimitMessage": "'Bell Farms Frozen Chips Steak Cut' has a supply limit of 14. The quantity in your cart has been reduced accordingly. To purchase a larger quantity, please contact us on 1800 000 610. Please note we do not supply trade orders.",
          "SmallFormatDescription": "Bell Farms Frozen Chips Steak Cut",
          "FullDescription": "Bell Farms Frozen Chips Steak Cut",
          "IsAvailable": true,
          "InstoreIsAvailable": true,
          "IsPurchasable": true,
          "InstoreIsPurchasable": true,
          "AgeRestricted": false,
          "DisplayQuantity": 1,
          "RichDescription": null,
          "HideWasSavedPrice": false,
          "SapCategories": null,
          "Brand": "Bell Farms",
          "IsRestrictedByDeliveryMethod": false,
          "FooterTag": {
            "TagContent": null,
            "TagLink": null,
            "FallbackText": null,
            "TagType": "None",
            "MultibuyData": null,
            "TagContentText": null,
            "DualImageTagContent": null,
            "PromotionType": "NOT_SET",
            "IsRegisteredRewardCardPromotion": false
          },
          "IsFooterEnabled": true,
          "Diagnostics": "26",
          "IsBundle": false,
          "IsInFamily": false,
          "ChildProducts": null,
          "UrlOverride": null,
          "AdditionalAttributes": {
            "boxedcontents": null,
            "addedvitaminsandminerals": "False",
            "sapdepartmentname": "GROCERIES",
            "spf": null,
            "haircolour": null,
            "lifestyleanddietarystatement": "Low Sugar",
            "sapcategoryname": "FREEZER - VEGETABLES",
            "skintype": null,
            "importantinformation": null,
            "allergystatement": "Lactose Free",
            "productdepthmm": null,
            "skincondition": null,
            "ophthalmologistapproved": null,
            "healthstarrating": "4.5",
            "hairtype": null,
            "fragrance-free": null,
            "sapsegmentname": "POTATO CHIPS - (PLAIN CHIPS)",
            "suitablefor": null,
            "PiesProductDepartmentsjson": "[{\"Id\":\"1_ACA2FC2\",\"Description\":\"Freezer\"}]",
            "piessubcategorynamesjson": "[\"Chips\"]",
            "sapsegmentno": "28",
            "productwidthmm": null,
            "contains": null,
            "sapsubcategoryname": "FREEZER - POTATO",
            "dermatologisttested": null,
            "wool_productpackaging": null,
            "dermatologicallyapproved": null,
            "specialsgroupid": null,
            "productimages": "429362.jpg,429362_2.jpg",
            "productheightmm": null,
            "r&r_hidereviews": null,
            "microwavesafe": "False",
            "paba-free": null,
            "lifestyleclaim": null,
            "alcoholfree": null,
            "tgawarning": null,
            "activeconstituents": null,
            "microwaveable": "False",
            "soap-free": null,
            "countryoforigin": null,
            "isexcludedfromsubstitution": "False",
            "productimagecount": "2",
            "r&r_loggedinreviews": null,
            "anti-dandruff": null,
            "servingsize-total-nip": null,
            "tgahealthwarninglink": null,
            "allergenmaybepresent": null,
            "PiesProductDepartmentNodeId": "1_ACA2FC2",
            "parabenfree": "False",
            "vendorarticleid": null,
            "containsgluten": "False",
            "containsnuts": "False",
            "ingredients": "Potato (96%), Sunflower Oil (3.5%), Dextrose ( From Maize Or Wheat).",
            "colour": null,
            "manufacturer": null,
            "sapcategoryno": "95",
            "storageinstructions": "Keep frozen at or below -18°C.",
            "tgawarnings": null,
            "piesdepartmentnamesjson": "[\"Freezer\"]",
            "brand": "bell farms",
            "oilfree": null,
            "fragrance": null,
            "antibacterial": "False",
            "non-comedogenic": null,
            "antiseptic": "False",
            "bpafree": "False",
            "vendorcostprice": null,
            "description": "<p>Our delicious chunky steak cut chips. Perfect with steak!</p>",
            "sweatresistant": null,
            "sapsubcategoryno": "67",
            "claims": null,
            "antioxidant": "False",
            "phbalanced": null,
            "wool_dietaryclaim": null,
            "ophthalmologisttested": null,
            "sulfatefree": "False",
            "servingsperpack-total-nip": null,
            "piescategorynamesjson": "[\"Chips & Wedges\"]",
            "nutritionalinformation": "{\"Name\":\"Nutritional Information\",\"Attributes\":[{\"Id\":702,\"Name\":\"Calcium Quantity Per 100g - Total - NIP\",\"Value\":\"8mg\",\"Description\":\"Calcium Quantity Per 100g - Total - NIP\",\"SortOrder\":71},{\"Id\":47,\"Name\":\"Calcium Quantity Per Serve - Total - NIP\",\"Value\":\"8mg\",\"Description\":\"Calcium Quantity Per Serve - Total - NIP\",\"SortOrder\":75},{\"Id\":705,\"Name\":\"Carbohydrate Quantity Per 100g - Total - NIP\",\"Value\":\"20.9g\",\"Description\":\"Carbohydrate Quantity Per 100g - Total - NIP\",\"SortOrder\":83},{\"Id\":706,\"Name\":\"Carbohydrate Quantity Per Serve - Total - NIP\",\"Value\":\"20.9g\",\"Description\":\"Carbohydrate Quantity Per Serve - Total - NIP\",\"SortOrder\":87},{\"Id\":191,\"Name\":\"Dietary Fibre Quantity Per 100g - Total - NIP\",\"Value\":\"1.7g\",\"Description\":\"Dietary Fibre Quantity Per 100g - Total - NIP\",\"SortOrder\":175},{\"Id\":120,\"Name\":\"Dietary Fibre Quantity Per Serve - Total - NIP\",\"Value\":\"1.7g\",\"Description\":\"Dietary Fibre Quantity Per Serve - Total - NIP\",\"SortOrder\":179},{\"Id\":759,\"Name\":\"Energy kJ Quantity Per 100g - Total - NIP\",\"Value\":\"551g\",\"Description\":\"Energy kJ Quantity Per 100g - Total - NIP\",\"SortOrder\":239},{\"Id\":760,\"Name\":\"Energy kJ Quantity Per Serve - Total - NIP\",\"Value\":\"551g\",\"Description\":\"Energy kJ Quantity Per Serve - Total - NIP\",\"SortOrder\":243},{\"Id\":253,\"Name\":\"Fat Saturated Quantity Per 100g - Total - NIP\",\"Value\":\"<1g\",\"Description\":\"Fat Saturated Quantity Per 100g - Total - NIP\",\"SortOrder\":251},{\"Id\":258,\"Name\":\"Fat Saturated Quantity Per Serve - Total - NIP\",\"Value\":\"<1g\",\"Description\":\"Fat Saturated Quantity Per Serve - Total - NIP\",\"SortOrder\":255},{\"Id\":764,\"Name\":\"Fat Total Quantity Per 100g - Total - NIP\",\"Value\":\"4.0g\",\"Description\":\"Fat Total Quantity Per 100g - Total - NIP\",\"SortOrder\":263},{\"Id\":166,\"Name\":\"Fat Total Quantity Per 100g - ValueWord - NIP\",\"Value\":\"4.0\",\"Description\":\"Fat Total Quantity Per 100g - ValueWord - NIP\",\"SortOrder\":264},{\"Id\":264,\"Name\":\"Fat Total Quantity Per Serve - Total - NIP\",\"Value\":\"4.0g\",\"Description\":\"Fat Total Quantity Per Serve - Total - NIP\",\"SortOrder\":267},{\"Id\":402,\"Name\":\"Monounsaturated Quantity Per 100g - Total - NIP\",\"Value\":\"4.82g\",\"Description\":\"Monounsaturated Quantity Per 100g - Total - NIP\",\"SortOrder\":479},{\"Id\":834,\"Name\":\"Monounsaturated Quantity Per Serve - Total - NIP\",\"Value\":\"4.82g\",\"Description\":\"Monounsaturated Quantity Per Serve - Total - NIP\",\"SortOrder\":483},{\"Id\":434,\"Name\":\"Polyunsaturated Quantity Per 100g - Total - NIP\",\"Value\":\"2.3g\",\"Description\":\"Polyunsaturated Quantity Per 100g - Total - NIP\",\"SortOrder\":563},{\"Id\":435,\"Name\":\"Polyunsaturated Quantity Per Serve - Total - NIP\",\"Value\":\"2.3g\",\"Description\":\"Polyunsaturated Quantity Per Serve - Total - NIP\",\"SortOrder\":567},{\"Id\":443,\"Name\":\"Potassium Quantity Per 100g - Total - NIP\",\"Value\":\"491mg\",\"Description\":\"Potassium Quantity Per 100g - Total - NIP\",\"SortOrder\":575},{\"Id\":493,\"Name\":\"Potassium Quantity Per Serve - Total - NIP\",\"Value\":\"491mg\",\"Description\":\"Potassium Quantity Per Serve - Total - NIP\",\"SortOrder\":579},{\"Id\":878,\"Name\":\"Protein Quantity Per 100g - Total - NIP\",\"Value\":\"2.0g\",\"Description\":\"Protein Quantity Per 100g - Total - NIP\",\"SortOrder\":587},{\"Id\":882,\"Name\":\"Protein Quantity Per Serve - Total - NIP\",\"Value\":\"2.0g\",\"Description\":\"Protein Quantity Per Serve - Total - NIP\",\"SortOrder\":591},{\"Id\":477,\"Name\":\"Serving Size - Total - NIP\",\"Value\":\"100g\",\"Description\":\"Serving Size - Total - NIP\",\"SortOrder\":607},{\"Id\":544,\"Name\":\"Servings Per Pack - Total - NIP\",\"Value\":\"10\",\"Description\":\"Servings Per Pack - Total - NIP\",\"SortOrder\":611},{\"Id\":491,\"Name\":\"Sodium Quantity Per 100g - Total - NIP\",\"Value\":\"24mg\",\"Description\":\"Sodium Quantity Per 100g - Total - NIP\",\"SortOrder\":623},{\"Id\":495,\"Name\":\"Sodium Quantity Per Serve - Total - NIP\",\"Value\":\"24mg\",\"Description\":\"Sodium Quantity Per Serve - Total - NIP\",\"SortOrder\":627},{\"Id\":907,\"Name\":\"Sugars Quantity Per 100g - Prefix - NIP\",\"Value\":null,\"Description\":\"Sugars Quantity Per 100g - Prefix - NIP\",\"SortOrder\":645},{\"Id\":908,\"Name\":\"Sugars Quantity Per 100g - SuffixUnits - NIP\",\"Value\":\"g\",\"Description\":\"Sugars Quantity Per 100g - SuffixUnits - NIP\",\"SortOrder\":646},{\"Id\":909,\"Name\":\"Sugars Quantity Per 100g - Total - NIP\",\"Value\":\"0.6g\",\"Description\":\"Sugars Quantity Per 100g - Total - NIP\",\"SortOrder\":647},{\"Id\":910,\"Name\":\"Sugars Quantity Per 100g - ValueWord - NIP\",\"Value\":\"0.6\",\"Description\":\"Sugars Quantity Per 100g - ValueWord - NIP\",\"SortOrder\":648},{\"Id\":504,\"Name\":\"Sugars Quantity Per Serve - Prefix - NIP\",\"Value\":null,\"Description\":\"Sugars Quantity Per Serve - Prefix - NIP\",\"SortOrder\":649},{\"Id\":911,\"Name\":\"Sugars Quantity Per Serve - SuffixUnits - NIP\",\"Value\":\"g\",\"Description\":\"Sugars Quantity Per Serve - SuffixUnits - NIP\",\"SortOrder\":650},{\"Id\":912,\"Name\":\"Sugars Quantity Per Serve - Total - NIP\",\"Value\":\"0.6g\",\"Description\":\"Sugars Quantity Per Serve - Total - NIP\",\"SortOrder\":651},{\"Id\":572,\"Name\":\"Sugars Quantity Per Serve - ValueWord - NIP\",\"Value\":\"0.6\",\"Description\":\"Sugars Quantity Per Serve - ValueWord - NIP\",\"SortOrder\":652},{\"Id\":593,\"Name\":\"Trans Quantity Per 100g - Total - NIP\",\"Value\":\"<0.1g\",\"Description\":\"Trans Quantity Per 100g - Total - NIP\",\"SortOrder\":667},{\"Id\":510,\"Name\":\"Trans Quantity Per Serve - Total - NIP\",\"Value\":\"<0.1g\",\"Description\":\"Trans Quantity Per Serve - Total - NIP\",\"SortOrder\":671}]}",
            "ovencook": "False",
            "vegetarian": "False",
            "hypo-allergenic": null,
            "timer": null,
            "dermatologistrecommended": null,
            "sapdepartmentno": "5",
            "allergencontains": "Gluten",
            "waterresistant": null,
            "friendlydisclaimer": null,
            "recyclableinformation": null,
            "usageinstructions": null,
            "freezable": "False"
          },
          "DetailsImagePaths": [
            "https://cdn0.woolworths.media/content/wowproductimages/large/429362.jpg"
          ],
          "Variety": "Steak Cut",
          "Rating": {
            "ReviewCount": 371,
            "RatingCount": 371,
            "RatingSum": 1366,
            "OneStarCount": 15,
            "TwoStarCount": 37,
            "ThreeStarCount": 97,
            "FourStarCount": 124,
            "FiveStarCount": 98,
            "Average": 3.68194070080863,
            "OneStarPercentage": 4.04312668463612,
            "TwoStarPercentage": 9.97304582210243,
            "ThreeStarPercentage": 26.1455525606469,
            "FourStarPercentage": 33.4231805929919,
            "FiveStarPercentage": 26.4150943396226
          },
          "HasProductSubs": false,
          "IsSponsoredAd": false,
          "AdID": null,
          "AdIndex": null,
          "IsMarketProduct": false,
          "IsGiftable": false,
          "Vendor": null,
          "Untraceable": false,
          "ThirdPartyProductInfo": null,
          "MarketFeatures": null,
          "MarketSpecifications": null,
          "SupplyLimitSource": "StockQuantity",
          "Tags": null,
          "IsPersonalisedByPurchaseHistory": false,
          "IsFromFacetedSearch": false,
          "NextAvailabilityDate": null,
          "NumberOfSubstitutes": 0,
          "IsPrimaryVariant": false,
          "VariantGroupId": 0,
          "HasVariants": false,
          "VariantTitle": null,
          "IsTobacco": false
        }
      ],
      "Name": "Bell Farms Frozen Chips Steak Cut",
      "DisplayName": "Bell Farms Frozen Chips Steak Cut 1kg"
    },
    {
      "Products": [
        {
          "TileID": 0,
          "Stockcode": 754170,
          "Barcode": "9300633415266",
          "GtinFormat": 13,
          "CupPrice": 5,
          "InstoreCupPrice": 5,
          "CupMeasure": "1KG",
          "CupString": "$5.00 / 1KG",
          "InstoreCupString": "$5.00 / 1KG",
          "HasCupPrice": true,
          "InstoreHasCupPrice": true,
          "Price": 2.5,
          "InstorePrice": 2.5,
          "Name": "Woolworths Peas",
          "DisplayName": "Woolworths Peas 500g",
          "UrlFriendlyName": "woolworths-peas",
          "Description": " Woolworths Peas  500G",
          "SmallImageFile": "https://cdn0.woolworths.media/content/wowproductimages/small/754170.jpg",
          "MediumImageFile": "https://cdn0.woolworths.media/content/wowproductimages/medium/754170.jpg",
          "LargeImageFile": "https://cdn0.woolworths.media/content/wowproductimages/large/754170.jpg",
          "IsNew": false,
          "IsHalfPrice": false,
          "IsOnlineOnly": false,
          "IsOnSpecial": false,
          "InstoreIsOnSpecial": false,
          "IsEdrSpecial": false,
          "SavingsAmount": 0,
          "InstoreSavingsAmount": 0,
          "WasPrice": 2.5,
          "InstoreWasPrice": 2.5,
          "QuantityInTrolley": 0,
          "Unit": "Each",
          "MinimumQuantity": 1,
          "HasBeenBoughtBefore": false,
          "IsInTrolley": false,
          "Source": "Aisle.Freezer",
          "SupplyLimit": 5,
          "ProductLimit": 50,
          "MaxSupplyLimitMessage": "5 item(s) left",
          "IsRanged": true,
          "IsInStock": true,
          "PackageSize": "500G",
          "IsPmDelivery": true,
          "IsForCollection": true,
          "IsForDelivery": true,
          "IsForExpress": true,
          "ProductRestrictionMessage": null,
          "ProductWarningMessage": null,
          "CentreTag": {
            "TagContent": null,
            "TagLink": null,
            "FallbackText": null,
            "TagType": "None",
            "MultibuyData": null,
            "TagContentText": null,
            "DualImageTagContent": null,
            "PromotionType": "NOT_SET",
            "IsRegisteredRewardCardPromotion": false
          },
          "IsCentreTag": false,
          "ImageTag": {
            "TagContent": null,
            "TagLink": null,
            "FallbackText": "",
            "TagType": "None",
            "MultibuyData": null,
            "TagContentText": null,
            "DualImageTagContent": null,
            "PromotionType": "NOT_SET",
            "IsRegisteredRewardCardPromotion": false
          },
          "HeaderTag": {
            "BackgroundColor": "#c20016",
            "BorderColor": "#c20016",
            "TextColor": "#fff",
            "Content": "LOW PRICE",
            "TagLink": null,
            "Promotion": "LowPrice"
          },
          "HasHeaderTag": true,
          "UnitWeightInGrams": 0,
          "SupplyLimitMessage": "'Woolworths Peas' has a supply limit of 5. The quantity in your cart has been reduced accordingly. To purchase a larger quantity, please contact us on 1800 000 610. Please note we do not supply trade orders.",
          "SmallFormatDescription": "Woolworths Peas ",
          "FullDescription": "Woolworths Peas ",
          "IsAvailable": true,
          "InstoreIsAvailable": true,
          "IsPurchasable": true,
          "InstoreIsPurchasable": true,
          "AgeRestricted": false,
          "DisplayQuantity": 1,
          "RichDescription": null,
          "HideWasSavedPrice": false,
          "SapCategories": null,
          "Brand": "Woolworths",
          "IsRestrictedByDeliveryMethod": false,
          "FooterTag": {
            "TagContent": "Lower Price Always",
            "TagLink": null,
            "FallbackText": null,
            "TagType": "Html",
            "MultibuyData": null,
            "TagContentText": null,
            "DualImageTagContent": null,
            "PromotionType": "NOT_SET",
            "IsRegisteredRewardCardPromotion": false
          },
          "IsFooterEnabled": true,
          "Diagnostics": "27",
          "IsBundle": false,
          "IsInFamily": false,
          "ChildProducts": null,
          "UrlOverride": null,
          "AdditionalAttributes": {
            "boxedcontents": null,
            "addedvitaminsandminerals": "False",
            "sapdepartmentname": "GROCERIES",
            "spf": null,
            "haircolour": null,
            "lifestyleanddietarystatement": "Gluten Free",
            "sapcategoryname": "FROZEN MEALS",
            "skintype": null,
            "importantinformation": null,
            "allergystatement": "Wheat Free",
            "productdepthmm": null,
            "skincondition": null,
            "ophthalmologistapproved": null,
            "healthstarrating": "5",
            "hairtype": null,
            "fragrance-free": null,
            "sapsegmentname": "PEAS",
            "suitablefor": null,
            "PiesProductDepartmentsjson": "[{\"Id\":\"1_ACA2FC2\",\"Description\":\"Freezer\"}]",
            "piessubcategorynamesjson": "[\"Beans & Peas\",\"Gluten Free\"]",
            "sapsegmentno": "14",
            "productwidthmm": null,
            "contains": null,
            "sapsubcategoryname": "FREEZER - VEGETABLES",
            "dermatologisttested": null,
            "wool_productpackaging": null,
            "dermatologicallyapproved": null,
            "specialsgroupid": null,
            "productimages": "754170.jpg,754170_2.jpg",
            "productheightmm": null,
            "r&r_hidereviews": null,
            "microwavesafe": "False",
            "paba-free": null,
            "lifestyleclaim": null,
            "alcoholfree": null,
            "tgawarning": null,
            "activeconstituents": null,
            "microwaveable": "False",
            "soap-free": null,
            "countryoforigin": null,
            "isexcludedfromsubstitution": "False",
            "productimagecount": "2",
            "r&r_loggedinreviews": null,
            "anti-dandruff": null,
            "servingsize-total-nip": null,
            "tgahealthwarninglink": null,
            "allergenmaybepresent": null,
            "PiesProductDepartmentNodeId": "1_ACA2FC2",
            "parabenfree": "False",
            "vendorarticleid": null,
            "containsgluten": "False",
            "containsnuts": "False",
            "ingredients": "Peas.",
            "colour": null,
            "manufacturer": null,
            "sapcategoryno": "97",
            "storageinstructions": "Keep frozen at or below -18oC.",
            "tgawarnings": null,
            "piesdepartmentnamesjson": "[\"Freezer\"]",
            "brand": "woolworths",
            "oilfree": null,
            "fragrance": null,
            "antibacterial": "False",
            "non-comedogenic": null,
            "antiseptic": "False",
            "bpafree": "False",
            "vendorcostprice": null,
            "description": "<p>The Woolworths Select range of frozen vegetables are snap frozen to lock in the freshness and flavour, providing a convenient and nutritious way to enjoy vegetables.</p>",
            "sweatresistant": null,
            "sapsubcategoryno": "103",
            "claims": null,
            "antioxidant": "False",
            "phbalanced": null,
            "wool_dietaryclaim": null,
            "ophthalmologisttested": null,
            "sulfatefree": "False",
            "servingsperpack-total-nip": null,
            "piescategorynamesjson": "[\"Frozen Vegetables\",\"Frozen Gluten Free\"]",
            "nutritionalinformation": "{\"Name\":\"Nutritional Information\",\"Attributes\":[{\"Id\":702,\"Name\":\"Calcium Quantity Per 100g - Total - NIP\",\"Value\":\"30mg\",\"Description\":\"Calcium Quantity Per 100g - Total - NIP\",\"SortOrder\":71},{\"Id\":47,\"Name\":\"Calcium Quantity Per Serve - Total - NIP\",\"Value\":\"22.5mg\",\"Description\":\"Calcium Quantity Per Serve - Total - NIP\",\"SortOrder\":75},{\"Id\":705,\"Name\":\"Carbohydrate Quantity Per 100g - Total - NIP\",\"Value\":\"6.40g\",\"Description\":\"Carbohydrate Quantity Per 100g - Total - NIP\",\"SortOrder\":83},{\"Id\":706,\"Name\":\"Carbohydrate Quantity Per Serve - Total - NIP\",\"Value\":\"<4.80g\",\"Description\":\"Carbohydrate Quantity Per Serve - Total - NIP\",\"SortOrder\":87},{\"Id\":191,\"Name\":\"Dietary Fibre Quantity Per 100g - Total - NIP\",\"Value\":\"5.20g\",\"Description\":\"Dietary Fibre Quantity Per 100g - Total - NIP\",\"SortOrder\":175},{\"Id\":120,\"Name\":\"Dietary Fibre Quantity Per Serve - Total - NIP\",\"Value\":\"3.90g\",\"Description\":\"Dietary Fibre Quantity Per Serve - Total - NIP\",\"SortOrder\":179},{\"Id\":759,\"Name\":\"Energy kJ Quantity Per 100g - Total - NIP\",\"Value\":\"247.00kJ\",\"Description\":\"Energy kJ Quantity Per 100g - Total - NIP\",\"SortOrder\":239},{\"Id\":760,\"Name\":\"Energy kJ Quantity Per Serve - Total - NIP\",\"Value\":\"185.00kJ\",\"Description\":\"Energy kJ Quantity Per Serve - Total - NIP\",\"SortOrder\":243},{\"Id\":253,\"Name\":\"Fat Saturated Quantity Per 100g - Total - NIP\",\"Value\":\"<1.00g\",\"Description\":\"Fat Saturated Quantity Per 100g - Total - NIP\",\"SortOrder\":251},{\"Id\":258,\"Name\":\"Fat Saturated Quantity Per Serve - Total - NIP\",\"Value\":\"<0.80g\",\"Description\":\"Fat Saturated Quantity Per Serve - Total - NIP\",\"SortOrder\":255},{\"Id\":764,\"Name\":\"Fat Total Quantity Per 100g - Total - NIP\",\"Value\":\"<1.00g\",\"Description\":\"Fat Total Quantity Per 100g - Total - NIP\",\"SortOrder\":263},{\"Id\":166,\"Name\":\"Fat Total Quantity Per 100g - ValueWord - NIP\",\"Value\":\"1.00\",\"Description\":\"Fat Total Quantity Per 100g - ValueWord - NIP\",\"SortOrder\":264},{\"Id\":264,\"Name\":\"Fat Total Quantity Per Serve - Total - NIP\",\"Value\":\"<0.80g\",\"Description\":\"Fat Total Quantity Per Serve - Total - NIP\",\"SortOrder\":267},{\"Id\":443,\"Name\":\"Potassium Quantity Per 100g - Total - NIP\",\"Value\":\"268mg\",\"Description\":\"Potassium Quantity Per 100g - Total - NIP\",\"SortOrder\":575},{\"Id\":493,\"Name\":\"Potassium Quantity Per Serve - Total - NIP\",\"Value\":\"201mg\",\"Description\":\"Potassium Quantity Per Serve - Total - NIP\",\"SortOrder\":579},{\"Id\":878,\"Name\":\"Protein Quantity Per 100g - Total - NIP\",\"Value\":\"4.80g\",\"Description\":\"Protein Quantity Per 100g - Total - NIP\",\"SortOrder\":587},{\"Id\":882,\"Name\":\"Protein Quantity Per Serve - Total - NIP\",\"Value\":\"3.60g\",\"Description\":\"Protein Quantity Per Serve - Total - NIP\",\"SortOrder\":591},{\"Id\":477,\"Name\":\"Serving Size - Total - NIP\",\"Value\":\"75.00g\",\"Description\":\"Serving Size - Total - NIP\",\"SortOrder\":607},{\"Id\":544,\"Name\":\"Servings Per Pack - Total - NIP\",\"Value\":\"6.00\",\"Description\":\"Servings Per Pack - Total - NIP\",\"SortOrder\":611},{\"Id\":491,\"Name\":\"Sodium Quantity Per 100g - Total - NIP\",\"Value\":\"<5.00mg\",\"Description\":\"Sodium Quantity Per 100g - Total - NIP\",\"SortOrder\":623},{\"Id\":495,\"Name\":\"Sodium Quantity Per Serve - Total - NIP\",\"Value\":\"<4.00mg\",\"Description\":\"Sodium Quantity Per Serve - Total - NIP\",\"SortOrder\":627},{\"Id\":907,\"Name\":\"Sugars Quantity Per 100g - Prefix - NIP\",\"Value\":null,\"Description\":\"Sugars Quantity Per 100g - Prefix - NIP\",\"SortOrder\":645},{\"Id\":908,\"Name\":\"Sugars Quantity Per 100g - SuffixUnits - NIP\",\"Value\":\"g\",\"Description\":\"Sugars Quantity Per 100g - SuffixUnits - NIP\",\"SortOrder\":646},{\"Id\":909,\"Name\":\"Sugars Quantity Per 100g - Total - NIP\",\"Value\":\"2.70g\",\"Description\":\"Sugars Quantity Per 100g - Total - NIP\",\"SortOrder\":647},{\"Id\":910,\"Name\":\"Sugars Quantity Per 100g - ValueWord - NIP\",\"Value\":\"2.70\",\"Description\":\"Sugars Quantity Per 100g - ValueWord - NIP\",\"SortOrder\":648},{\"Id\":504,\"Name\":\"Sugars Quantity Per Serve - Prefix - NIP\",\"Value\":null,\"Description\":\"Sugars Quantity Per Serve - Prefix - NIP\",\"SortOrder\":649},{\"Id\":911,\"Name\":\"Sugars Quantity Per Serve - SuffixUnits - NIP\",\"Value\":\"g\",\"Description\":\"Sugars Quantity Per Serve - SuffixUnits - NIP\",\"SortOrder\":650},{\"Id\":912,\"Name\":\"Sugars Quantity Per Serve - Total - NIP\",\"Value\":\"2.00g\",\"Description\":\"Sugars Quantity Per Serve - Total - NIP\",\"SortOrder\":651},{\"Id\":572,\"Name\":\"Sugars Quantity Per Serve - ValueWord - NIP\",\"Value\":\"2.00\",\"Description\":\"Sugars Quantity Per Serve - ValueWord - NIP\",\"SortOrder\":652}]}",
            "ovencook": "False",
            "vegetarian": "False",
            "hypo-allergenic": null,
            "timer": null,
            "dermatologistrecommended": null,
            "sapdepartmentno": "5",
            "allergencontains": null,
            "waterresistant": null,
            "friendlydisclaimer": null,
            "recyclableinformation": null,
            "usageinstructions": null,
            "freezable": "False"
          },
          "DetailsImagePaths": [
            "https://cdn0.woolworths.media/content/wowproductimages/large/754170.jpg"
          ],
          "Variety": null,
          "Rating": {
            "ReviewCount": 526,
            "RatingCount": 526,
            "RatingSum": 2496,
            "OneStarCount": 2,
            "TwoStarCount": 5,
            "ThreeStarCount": 10,
            "FourStarCount": 91,
            "FiveStarCount": 418,
            "Average": 4.74524714828897,
            "OneStarPercentage": 0.380228136882129,
            "TwoStarPercentage": 0.950570342205323,
            "ThreeStarPercentage": 1.90114068441065,
            "FourStarPercentage": 17.3003802281369,
            "FiveStarPercentage": 79.467680608365
          },
          "HasProductSubs": false,
          "IsSponsoredAd": false,
          "AdID": null,
          "AdIndex": null,
          "IsMarketProduct": false,
          "IsGiftable": false,
          "Vendor": null,
          "Untraceable": false,
          "ThirdPartyProductInfo": null,
          "MarketFeatures": null,
          "MarketSpecifications": null,
          "SupplyLimitSource": "StockQuantity",
          "Tags": [
            {
              "Content": {
                "Type": "Label",
                "Position": "Top",
                "Attributes": {
                  "Text": "LOW PRICE",
                  "Promotion": "LowPrice",
                  "BackgroundColor": "#c20016",
                  "BorderColor": "#c20016",
                  "TextColor": "#fff"
                }
              },
              "TemplateId": null,
              "Metadata": null
            }
          ],
          "IsPersonalisedByPurchaseHistory": false,
          "IsFromFacetedSearch": false,
          "NextAvailabilityDate": null,
          "NumberOfSubstitutes": 0,
          "IsPrimaryVariant": false,
          "VariantGroupId": 0,
          "HasVariants": false,
          "VariantTitle": null,
          "IsTobacco": false
        }
      ],
      "Name": "Woolworths Peas",
      "DisplayName": "Woolworths Peas 500g"
    },
    {
      "Products": [
        {
          "TileID": 0,
          "Stockcode": 260007,
          "Barcode": "9300633952372",
          "GtinFormat": 13,
          "CupPrice": 12.4,
          "InstoreCupPrice": 12.4,
          "CupMeasure": "1KG",
          "CupString": "$12.40 / 1KG",
          "InstoreCupString": "$12.40 / 1KG",
          "HasCupPrice": true,
          "InstoreHasCupPrice": true,
          "Price": 6.2,
          "InstorePrice": 6.2,
          "Name": "Woolworths Frozen Blueberries",
          "DisplayName": "Woolworths Frozen Blueberries 500g",
          "UrlFriendlyName": "woolworths-frozen-blueberries",
          "Description": " Woolworths Frozen<br>Blueberries  500G",
          "SmallImageFile": "https://cdn0.woolworths.media/content/wowproductimages/small/260007.jpg",
          "MediumImageFile": "https://cdn0.woolworths.media/content/wowproductimages/medium/260007.jpg",
          "LargeImageFile": "https://cdn0.woolworths.media/content/wowproductimages/large/260007.jpg",
          "IsNew": false,
          "IsHalfPrice": false,
          "IsOnlineOnly": false,
          "IsOnSpecial": false,
          "InstoreIsOnSpecial": false,
          "IsEdrSpecial": false,
          "SavingsAmount": 0,
          "InstoreSavingsAmount": 0,
          "WasPrice": 6.2,
          "InstoreWasPrice": 6.2,
          "QuantityInTrolley": 0,
          "Unit": "Each",
          "MinimumQuantity": 1,
          "HasBeenBoughtBefore": false,
          "IsInTrolley": false,
          "Source": "Aisle.Freezer",
          "SupplyLimit": 36,
          "ProductLimit": 50,
          "MaxSupplyLimitMessage": "36 item(s) left",
          "IsRanged": true,
          "IsInStock": true,
          "PackageSize": "500G",
          "IsPmDelivery": true,
          "IsForCollection": true,
          "IsForDelivery": true,
          "IsForExpress": true,
          "ProductRestrictionMessage": null,
          "ProductWarningMessage": null,
          "CentreTag": {
            "TagContent": null,
            "TagLink": null,
            "FallbackText": null,
            "TagType": "None",
            "MultibuyData": null,
            "TagContentText": null,
            "DualImageTagContent": null,
            "PromotionType": "NOT_SET",
            "IsRegisteredRewardCardPromotion": false
          },
          "IsCentreTag": false,
          "ImageTag": {
            "TagContent": null,
            "TagLink": null,
            "FallbackText": "",
            "TagType": "None",
            "MultibuyData": null,
            "TagContentText": null,
            "DualImageTagContent": null,
            "PromotionType": "NOT_SET",
            "IsRegisteredRewardCardPromotion": false
          },
          "HeaderTag": {
            "BackgroundColor": "#c20016",
            "BorderColor": "#c20016",
            "TextColor": "#fff",
            "Content": "LOW PRICE",
            "TagLink": null,
            "Promotion": "LowPrice"
          },
          "HasHeaderTag": true,
          "UnitWeightInGrams": 0,
          "SupplyLimitMessage": "'Woolworths Frozen Blueberries' has a supply limit of 36. The quantity in your cart has been reduced accordingly. To purchase a larger quantity, please contact us on 1800 000 610. Please note we do not supply trade orders.",
          "SmallFormatDescription": "Woolworths Frozen Blueberries ",
          "FullDescription": "Woolworths Frozen Blueberries ",
          "IsAvailable": true,
          "InstoreIsAvailable": true,
          "IsPurchasable": true,
          "InstoreIsPurchasable": true,
          "AgeRestricted": false,
          "DisplayQuantity": 1,
          "RichDescription": null,
          "HideWasSavedPrice": false,
          "SapCategories": null,
          "Brand": "Woolworths",
          "IsRestrictedByDeliveryMethod": false,
          "FooterTag": {
            "TagContent": "Lower Price Always",
            "TagLink": null,
            "FallbackText": null,
            "TagType": "Html",
            "MultibuyData": null,
            "TagContentText": null,
            "DualImageTagContent": null,
            "PromotionType": "NOT_SET",
            "IsRegisteredRewardCardPromotion": false
          },
          "IsFooterEnabled": true,
          "Diagnostics": "28",
          "IsBundle": false,
          "IsInFamily": false,
          "ChildProducts": null,
          "UrlOverride": null,
          "AdditionalAttributes": {
            "boxedcontents": null,
            "addedvitaminsandminerals": "False",
            "sapdepartmentname": "GROCERIES",
            "spf": null,
            "haircolour": null,
            "lifestyleanddietarystatement": "Gluten Free",
            "sapcategoryname": "FREEZER - DESSERTS & PASTRY",
            "skintype": null,
            "importantinformation": null,
            "allergystatement": "Wheat Free",
            "productdepthmm": null,
            "skincondition": null,
            "ophthalmologistapproved": null,
            "healthstarrating": "5",
            "hairtype": null,
            "fragrance-free": null,
            "sapsegmentname": "FRUIT UP TO 500G",
            "suitablefor": null,
            "PiesProductDepartmentsjson": "[{\"Id\":\"1_ACA2FC2\",\"Description\":\"Freezer\"}]",
            "piessubcategorynamesjson": "[\"Gluten Free\",\"Berries & Tropical\"]",
            "sapsegmentno": "1",
            "productwidthmm": null,
            "contains": null,
            "sapsubcategoryname": "FREEZER - FRUIT",
            "dermatologisttested": null,
            "wool_productpackaging": null,
            "dermatologicallyapproved": null,
            "specialsgroupid": null,
            "productimages": "260007.jpg",
            "productheightmm": null,
            "r&r_hidereviews": null,
            "microwavesafe": "False",
            "paba-free": null,
            "lifestyleclaim": null,
            "alcoholfree": null,
            "tgawarning": null,
            "activeconstituents": null,
            "microwaveable": "False",
            "soap-free": null,
            "countryoforigin": null,
            "isexcludedfromsubstitution": "False",
            "productimagecount": "1",
            "r&r_loggedinreviews": null,
            "anti-dandruff": null,
            "servingsize-total-nip": null,
            "tgahealthwarninglink": null,
            "allergenmaybepresent": null,
            "PiesProductDepartmentNodeId": "1_ACA2FC2",
            "parabenfree": "False",
            "vendorarticleid": null,
            "containsgluten": "False",
            "containsnuts": "False",
            "ingredients": "Blueberries",
            "colour": null,
            "manufacturer": null,
            "sapcategoryno": "98",
            "storageinstructions": "Keep Frozen",
            "tgawarnings": null,
            "piesdepartmentnamesjson": "[\"Freezer\"]",
            "brand": "woolworths",
            "oilfree": null,
            "fragrance": null,
            "antibacterial": "False",
            "non-comedogenic": null,
            "antiseptic": "False",
            "bpafree": "False",
            "vendorcostprice": null,
            "description": "Source of fibre for healthy digestion (1) Fruit a Day: 1 cup = 1 serve of fruit (1) (1) As part of a healthy balanced diet. One serve of fruit is equal to approximately 150g fruit. Australian Dietary Guidelines recommend 2 serves of fruit per day.",
            "sweatresistant": null,
            "sapsubcategoryno": "15",
            "claims": null,
            "antioxidant": "False",
            "phbalanced": null,
            "wool_dietaryclaim": null,
            "ophthalmologisttested": null,
            "sulfatefree": "False",
            "servingsperpack-total-nip": null,
            "piescategorynamesjson": "[\"Frozen Gluten Free\",\"Frozen Fruit\"]",
            "nutritionalinformation": "{\"Name\":\"Nutritional Information\",\"Attributes\":[{\"Id\":702,\"Name\":\"Calcium Quantity Per 100g - Total - NIP\",\"Value\":\"4mg\",\"Description\":\"Calcium Quantity Per 100g - Total - NIP\",\"SortOrder\":71},{\"Id\":47,\"Name\":\"Calcium Quantity Per Serve - Total - NIP\",\"Value\":\"6mg\",\"Description\":\"Calcium Quantity Per Serve - Total - NIP\",\"SortOrder\":75},{\"Id\":705,\"Name\":\"Carbohydrate Quantity Per 100g - Total - NIP\",\"Value\":\"9.90g\",\"Description\":\"Carbohydrate Quantity Per 100g - Total - NIP\",\"SortOrder\":83},{\"Id\":706,\"Name\":\"Carbohydrate Quantity Per Serve - Total - NIP\",\"Value\":\"14.80g\",\"Description\":\"Carbohydrate Quantity Per Serve - Total - NIP\",\"SortOrder\":87},{\"Id\":191,\"Name\":\"Dietary Fibre Quantity Per 100g - Total - NIP\",\"Value\":\"3.60g\",\"Description\":\"Dietary Fibre Quantity Per 100g - Total - NIP\",\"SortOrder\":175},{\"Id\":120,\"Name\":\"Dietary Fibre Quantity Per Serve - Total - NIP\",\"Value\":\"5.40g\",\"Description\":\"Dietary Fibre Quantity Per Serve - Total - NIP\",\"SortOrder\":179},{\"Id\":759,\"Name\":\"Energy kJ Quantity Per 100g - Total - NIP\",\"Value\":\"206.00kJ\",\"Description\":\"Energy kJ Quantity Per 100g - Total - NIP\",\"SortOrder\":239},{\"Id\":760,\"Name\":\"Energy kJ Quantity Per Serve - Total - NIP\",\"Value\":\"309.00kJ\",\"Description\":\"Energy kJ Quantity Per Serve - Total - NIP\",\"SortOrder\":243},{\"Id\":253,\"Name\":\"Fat Saturated Quantity Per 100g - Total - NIP\",\"Value\":\"1.00g\",\"Description\":\"Fat Saturated Quantity Per 100g - Total - NIP\",\"SortOrder\":251},{\"Id\":258,\"Name\":\"Fat Saturated Quantity Per Serve - Total - NIP\",\"Value\":\"1.50g\",\"Description\":\"Fat Saturated Quantity Per Serve - Total - NIP\",\"SortOrder\":255},{\"Id\":764,\"Name\":\"Fat Total Quantity Per 100g - Total - NIP\",\"Value\":\"1.00g\",\"Description\":\"Fat Total Quantity Per 100g - Total - NIP\",\"SortOrder\":263},{\"Id\":166,\"Name\":\"Fat Total Quantity Per 100g - ValueWord - NIP\",\"Value\":\"1.00\",\"Description\":\"Fat Total Quantity Per 100g - ValueWord - NIP\",\"SortOrder\":264},{\"Id\":264,\"Name\":\"Fat Total Quantity Per Serve - Total - NIP\",\"Value\":\"1.50g\",\"Description\":\"Fat Total Quantity Per Serve - Total - NIP\",\"SortOrder\":267},{\"Id\":443,\"Name\":\"Potassium Quantity Per 100g - Total - NIP\",\"Value\":\"61mg\",\"Description\":\"Potassium Quantity Per 100g - Total - NIP\",\"SortOrder\":575},{\"Id\":493,\"Name\":\"Potassium Quantity Per Serve - Total - NIP\",\"Value\":\"91.5mg\",\"Description\":\"Potassium Quantity Per Serve - Total - NIP\",\"SortOrder\":579},{\"Id\":878,\"Name\":\"Protein Quantity Per 100g - Total - NIP\",\"Value\":\"1.00g\",\"Description\":\"Protein Quantity Per 100g - Total - NIP\",\"SortOrder\":587},{\"Id\":882,\"Name\":\"Protein Quantity Per Serve - Total - NIP\",\"Value\":\"1.50g\",\"Description\":\"Protein Quantity Per Serve - Total - NIP\",\"SortOrder\":591},{\"Id\":477,\"Name\":\"Serving Size - Total - NIP\",\"Value\":\"150.00g\",\"Description\":\"Serving Size - Total - NIP\",\"SortOrder\":607},{\"Id\":544,\"Name\":\"Servings Per Pack - Total - NIP\",\"Value\":\"3.00\",\"Description\":\"Servings Per Pack - Total - NIP\",\"SortOrder\":611},{\"Id\":491,\"Name\":\"Sodium Quantity Per 100g - Total - NIP\",\"Value\":\"5.00mg\",\"Description\":\"Sodium Quantity Per 100g - Total - NIP\",\"SortOrder\":623},{\"Id\":495,\"Name\":\"Sodium Quantity Per Serve - Total - NIP\",\"Value\":\"8.00mg\",\"Description\":\"Sodium Quantity Per Serve - Total - NIP\",\"SortOrder\":627},{\"Id\":907,\"Name\":\"Sugars Quantity Per 100g - Prefix - NIP\",\"Value\":\"Approx.\",\"Description\":\"Sugars Quantity Per 100g - Prefix - NIP\",\"SortOrder\":645},{\"Id\":908,\"Name\":\"Sugars Quantity Per 100g - SuffixUnits - NIP\",\"Value\":\"g\",\"Description\":\"Sugars Quantity Per 100g - SuffixUnits - NIP\",\"SortOrder\":646},{\"Id\":909,\"Name\":\"Sugars Quantity Per 100g - Total - NIP\",\"Value\":\"9.50g\",\"Description\":\"Sugars Quantity Per 100g - Total - NIP\",\"SortOrder\":647},{\"Id\":910,\"Name\":\"Sugars Quantity Per 100g - ValueWord - NIP\",\"Value\":\"9.50\",\"Description\":\"Sugars Quantity Per 100g - ValueWord - NIP\",\"SortOrder\":648},{\"Id\":504,\"Name\":\"Sugars Quantity Per Serve - Prefix - NIP\",\"Value\":\"Approx.\",\"Description\":\"Sugars Quantity Per Serve - Prefix - NIP\",\"SortOrder\":649},{\"Id\":911,\"Name\":\"Sugars Quantity Per Serve - SuffixUnits - NIP\",\"Value\":\"g\",\"Description\":\"Sugars Quantity Per Serve - SuffixUnits - NIP\",\"SortOrder\":650},{\"Id\":912,\"Name\":\"Sugars Quantity Per Serve - Total - NIP\",\"Value\":\"14.20g\",\"Description\":\"Sugars Quantity Per Serve - Total - NIP\",\"SortOrder\":651},{\"Id\":572,\"Name\":\"Sugars Quantity Per Serve - ValueWord - NIP\",\"Value\":\"14.20\",\"Description\":\"Sugars Quantity Per Serve - ValueWord - NIP\",\"SortOrder\":652}]}",
            "ovencook": "False",
            "vegetarian": "False",
            "hypo-allergenic": null,
            "timer": null,
            "dermatologistrecommended": null,
            "sapdepartmentno": "5",
            "allergencontains": null,
            "waterresistant": null,
            "friendlydisclaimer": null,
            "recyclableinformation": null,
            "usageinstructions": null,
            "freezable": "False"
          },
          "DetailsImagePaths": [
            "https://cdn0.woolworths.media/content/wowproductimages/large/260007.jpg"
          ],
          "Variety": null,
          "Rating": {
            "ReviewCount": 743,
            "RatingCount": 743,
            "RatingSum": 3404,
            "OneStarCount": 6,
            "TwoStarCount": 10,
            "ThreeStarCount": 34,
            "FourStarCount": 189,
            "FiveStarCount": 504,
            "Average": 4.5814266487214,
            "OneStarPercentage": 0.807537012113055,
            "TwoStarPercentage": 1.34589502018843,
            "ThreeStarPercentage": 4.57604306864065,
            "FourStarPercentage": 25.4374158815612,
            "FiveStarPercentage": 67.8331090174966
          },
          "HasProductSubs": false,
          "IsSponsoredAd": false,
          "AdID": null,
          "AdIndex": null,
          "IsMarketProduct": false,
          "IsGiftable": false,
          "Vendor": null,
          "Untraceable": false,
          "ThirdPartyProductInfo": null,
          "MarketFeatures": null,
          "MarketSpecifications": null,
          "SupplyLimitSource": "StockQuantity",
          "Tags": [
            {
              "Content": {
                "Type": "Label",
                "Position": "Top",
                "Attributes": {
                  "Text": "LOW PRICE",
                  "Promotion": "LowPrice",
                  "BackgroundColor": "#c20016",
                  "BorderColor": "#c20016",
                  "TextColor": "#fff"
                }
              },
              "TemplateId": null,
              "Metadata": null
            }
          ],
          "IsPersonalisedByPurchaseHistory": false,
          "IsFromFacetedSearch": false,
          "NextAvailabilityDate": null,
          "NumberOfSubstitutes": 0,
          "IsPrimaryVariant": false,
          "VariantGroupId": 0,
          "HasVariants": false,
          "VariantTitle": null,
          "IsTobacco": false
        }
      ],
      "Name": "Woolworths Frozen Blueberries",
      "DisplayName": "Woolworths Frozen Blueberries 500g"
    },
    {
      "Products": [
        {
          "TileID": 0,
          "Stockcode": 61999,
          "Barcode": "9339687133864",
          "GtinFormat": 13,
          "CupPrice": 8,
          "InstoreCupPrice": 8,
          "CupMeasure": "1KG",
          "CupString": "$8.00 / 1KG",
          "InstoreCupString": "$8.00 / 1KG",
          "HasCupPrice": true,
          "InstoreHasCupPrice": true,
          "Price": 4,
          "InstorePrice": 4,
          "Name": "Woolworths Prep Set Go Frozen Stir Fry Mixed Vegetables",
          "DisplayName": "Woolworths Prep Set Go Frozen Stir Fry Mixed Vegetables 500g",
          "UrlFriendlyName": "woolworths-prep-set-go-frozen-stir-fry-mixed-vegetables",
          "Description": " Woolworths Prep Set Go<br>Frozen Stir Fry... 500G",
          "SmallImageFile": "https://cdn0.woolworths.media/content/wowproductimages/small/061999.jpg",
          "MediumImageFile": "https://cdn0.woolworths.media/content/wowproductimages/medium/061999.jpg",
          "LargeImageFile": "https://cdn0.woolworths.media/content/wowproductimages/large/061999.jpg",
          "IsNew": false,
          "IsHalfPrice": false,
          "IsOnlineOnly": false,
          "IsOnSpecial": false,
          "InstoreIsOnSpecial": false,
          "IsEdrSpecial": false,
          "SavingsAmount": 0,
          "InstoreSavingsAmount": 0,
          "WasPrice": 4,
          "InstoreWasPrice": 4,
          "QuantityInTrolley": 0,
          "Unit": "Each",
          "MinimumQuantity": 1,
          "HasBeenBoughtBefore": false,
          "IsInTrolley": false,
          "Source": "Aisle.Freezer",
          "SupplyLimit": 17,
          "ProductLimit": 50,
          "MaxSupplyLimitMessage": "17 item(s) left",
          "IsRanged": true,
          "IsInStock": true,
          "PackageSize": "500G",
          "IsPmDelivery": true,
          "IsForCollection": true,
          "IsForDelivery": true,
          "IsForExpress": true,
          "ProductRestrictionMessage": null,
          "ProductWarningMessage": null,
          "CentreTag": {
            "TagContent": null,
            "TagLink": null,
            "FallbackText": null,
            "TagType": "None",
            "MultibuyData": null,
            "TagContentText": null,
            "DualImageTagContent": null,
            "PromotionType": "NOT_SET",
            "IsRegisteredRewardCardPromotion": false
          },
          "IsCentreTag": false,
          "ImageTag": {
            "TagContent": null,
            "TagLink": null,
            "FallbackText": "",
            "TagType": "None",
            "MultibuyData": null,
            "TagContentText": null,
            "DualImageTagContent": null,
            "PromotionType": "NOT_SET",
            "IsRegisteredRewardCardPromotion": false
          },
          "HeaderTag": null,
          "HasHeaderTag": false,
          "UnitWeightInGrams": 0,
          "SupplyLimitMessage": "'Woolworths Prep Set Go Frozen Stir Fry Mixed Vegetables' has a supply limit of 17. The quantity in your cart has been reduced accordingly. To purchase a larger quantity, please contact us on 1800 000 610. Please note we do not supply trade orders.",
          "SmallFormatDescription": "Woolworths Prep Set Go Frozen Stir Fry Mixed Vegetables",
          "FullDescription": "Woolworths Prep Set Go Frozen Stir Fry Mixed Vegetables",
          "IsAvailable": true,
          "InstoreIsAvailable": true,
          "IsPurchasable": true,
          "InstoreIsPurchasable": true,
          "AgeRestricted": false,
          "DisplayQuantity": 1,
          "RichDescription": null,
          "HideWasSavedPrice": false,
          "SapCategories": null,
          "Brand": "Woolworths",
          "IsRestrictedByDeliveryMethod": false,
          "FooterTag": {
            "TagContent": null,
            "TagLink": null,
            "FallbackText": null,
            "TagType": "None",
            "MultibuyData": null,
            "TagContentText": null,
            "DualImageTagContent": null,
            "PromotionType": "NOT_SET",
            "IsRegisteredRewardCardPromotion": false
          },
          "IsFooterEnabled": true,
          "Diagnostics": "29",
          "IsBundle": false,
          "IsInFamily": false,
          "ChildProducts": null,
          "UrlOverride": null,
          "AdditionalAttributes": {
            "boxedcontents": null,
            "addedvitaminsandminerals": "False",
            "sapdepartmentname": "GROCERIES",
            "spf": null,
            "haircolour": null,
            "lifestyleanddietarystatement": "Gluten Free",
            "sapcategoryname": "FROZEN MEALS",
            "skintype": null,
            "importantinformation": null,
            "allergystatement": "Wheat Free",
            "productdepthmm": null,
            "skincondition": null,
            "ophthalmologistapproved": null,
            "healthstarrating": "5",
            "hairtype": null,
            "fragrance-free": null,
            "sapsegmentname": "PREPPED VEGETABLES",
            "suitablefor": null,
            "PiesProductDepartmentsjson": "[{\"Id\":\"1_ACA2FC2\",\"Description\":\"Freezer\"}]",
            "piessubcategorynamesjson": "[\"Mixed Vegetables\",\"Gluten Free\"]",
            "sapsegmentno": "16",
            "productwidthmm": null,
            "contains": null,
            "sapsubcategoryname": "FREEZER - VEGETABLES",
            "dermatologisttested": null,
            "wool_productpackaging": null,
            "dermatologicallyapproved": null,
            "specialsgroupid": null,
            "productimages": "61999.jpg,61999_3.jpg",
            "productheightmm": null,
            "r&r_hidereviews": null,
            "microwavesafe": "False",
            "paba-free": null,
            "lifestyleclaim": null,
            "alcoholfree": null,
            "tgawarning": null,
            "activeconstituents": null,
            "microwaveable": "False",
            "soap-free": null,
            "countryoforigin": null,
            "isexcludedfromsubstitution": "False",
            "productimagecount": "2",
            "r&r_loggedinreviews": null,
            "anti-dandruff": null,
            "servingsize-total-nip": null,
            "tgahealthwarninglink": null,
            "allergenmaybepresent": null,
            "PiesProductDepartmentNodeId": "1_ACA2FC2",
            "parabenfree": "False",
            "vendorarticleid": null,
            "containsgluten": "False",
            "containsnuts": "False",
            "ingredients": "Carrot, Broccoli, Green Beans, Yellow Beans, Water Chestnuts",
            "colour": null,
            "manufacturer": null,
            "sapcategoryno": "97",
            "storageinstructions": "Keep Frozen",
            "tgawarnings": null,
            "piesdepartmentnamesjson": "[\"Freezer\"]",
            "brand": "woolworths",
            "oilfree": null,
            "fragrance": null,
            "antibacterial": "False",
            "non-comedogenic": null,
            "antiseptic": "False",
            "bpafree": "False",
            "vendorcostprice": null,
            "description": null,
            "sweatresistant": null,
            "sapsubcategoryno": "103",
            "claims": null,
            "antioxidant": "False",
            "phbalanced": null,
            "wool_dietaryclaim": null,
            "ophthalmologisttested": null,
            "sulfatefree": "False",
            "servingsperpack-total-nip": null,
            "piescategorynamesjson": "[\"Frozen Vegetables\",\"Frozen Gluten Free\"]",
            "nutritionalinformation": "{\"Name\":\"Nutritional Information\",\"Attributes\":[{\"Id\":705,\"Name\":\"Carbohydrate Quantity Per 100g - Total - NIP\",\"Value\":\"Approx.3.4g\",\"Description\":\"Carbohydrate Quantity Per 100g - Total - NIP\",\"SortOrder\":83},{\"Id\":706,\"Name\":\"Carbohydrate Quantity Per Serve - Total - NIP\",\"Value\":\"Approx.2.6g\",\"Description\":\"Carbohydrate Quantity Per Serve - Total - NIP\",\"SortOrder\":87},{\"Id\":191,\"Name\":\"Dietary Fibre Quantity Per 100g - Total - NIP\",\"Value\":\"Approx.3.2g\",\"Description\":\"Dietary Fibre Quantity Per 100g - Total - NIP\",\"SortOrder\":175},{\"Id\":120,\"Name\":\"Dietary Fibre Quantity Per Serve - Total - NIP\",\"Value\":\"Approx.2.4g\",\"Description\":\"Dietary Fibre Quantity Per Serve - Total - NIP\",\"SortOrder\":179},{\"Id\":759,\"Name\":\"Energy kJ Quantity Per 100g - Total - NIP\",\"Value\":\"Approx.128kJ\",\"Description\":\"Energy kJ Quantity Per 100g - Total - NIP\",\"SortOrder\":239},{\"Id\":760,\"Name\":\"Energy kJ Quantity Per Serve - Total - NIP\",\"Value\":\"Approx.96kJ\",\"Description\":\"Energy kJ Quantity Per Serve - Total - NIP\",\"SortOrder\":243},{\"Id\":253,\"Name\":\"Fat Saturated Quantity Per 100g - Total - NIP\",\"Value\":\"<1g\",\"Description\":\"Fat Saturated Quantity Per 100g - Total - NIP\",\"SortOrder\":251},{\"Id\":258,\"Name\":\"Fat Saturated Quantity Per Serve - Total - NIP\",\"Value\":\"<1g\",\"Description\":\"Fat Saturated Quantity Per Serve - Total - NIP\",\"SortOrder\":255},{\"Id\":764,\"Name\":\"Fat Total Quantity Per 100g - Total - NIP\",\"Value\":\"<1g\",\"Description\":\"Fat Total Quantity Per 100g - Total - NIP\",\"SortOrder\":263},{\"Id\":166,\"Name\":\"Fat Total Quantity Per 100g - ValueWord - NIP\",\"Value\":\"1\",\"Description\":\"Fat Total Quantity Per 100g - ValueWord - NIP\",\"SortOrder\":264},{\"Id\":264,\"Name\":\"Fat Total Quantity Per Serve - Total - NIP\",\"Value\":\"<1g\",\"Description\":\"Fat Total Quantity Per Serve - Total - NIP\",\"SortOrder\":267},{\"Id\":878,\"Name\":\"Protein Quantity Per 100g - Total - NIP\",\"Value\":\"Approx.2.2g\",\"Description\":\"Protein Quantity Per 100g - Total - NIP\",\"SortOrder\":587},{\"Id\":882,\"Name\":\"Protein Quantity Per Serve - Total - NIP\",\"Value\":\"Approx.1.7g\",\"Description\":\"Protein Quantity Per Serve - Total - NIP\",\"SortOrder\":591},{\"Id\":477,\"Name\":\"Serving Size - Total - NIP\",\"Value\":\"75g\",\"Description\":\"Serving Size - Total - NIP\",\"SortOrder\":607},{\"Id\":491,\"Name\":\"Sodium Quantity Per 100g - Total - NIP\",\"Value\":\"Approx.21mg\",\"Description\":\"Sodium Quantity Per 100g - Total - NIP\",\"SortOrder\":623},{\"Id\":495,\"Name\":\"Sodium Quantity Per Serve - Total - NIP\",\"Value\":\"Approx.16mg\",\"Description\":\"Sodium Quantity Per Serve - Total - NIP\",\"SortOrder\":627},{\"Id\":907,\"Name\":\"Sugars Quantity Per 100g - Prefix - NIP\",\"Value\":\"Approx.\",\"Description\":\"Sugars Quantity Per 100g - Prefix - NIP\",\"SortOrder\":645},{\"Id\":908,\"Name\":\"Sugars Quantity Per 100g - SuffixUnits - NIP\",\"Value\":\"g\",\"Description\":\"Sugars Quantity Per 100g - SuffixUnits - NIP\",\"SortOrder\":646},{\"Id\":909,\"Name\":\"Sugars Quantity Per 100g - Total - NIP\",\"Value\":\"Approx.2.6g\",\"Description\":\"Sugars Quantity Per 100g - Total - NIP\",\"SortOrder\":647},{\"Id\":910,\"Name\":\"Sugars Quantity Per 100g - ValueWord - NIP\",\"Value\":\"2.6\",\"Description\":\"Sugars Quantity Per 100g - ValueWord - NIP\",\"SortOrder\":648},{\"Id\":504,\"Name\":\"Sugars Quantity Per Serve - Prefix - NIP\",\"Value\":\"Approx.\",\"Description\":\"Sugars Quantity Per Serve - Prefix - NIP\",\"SortOrder\":649},{\"Id\":911,\"Name\":\"Sugars Quantity Per Serve - SuffixUnits - NIP\",\"Value\":\"g\",\"Description\":\"Sugars Quantity Per Serve - SuffixUnits - NIP\",\"SortOrder\":650},{\"Id\":912,\"Name\":\"Sugars Quantity Per Serve - Total - NIP\",\"Value\":\"Approx.2g\",\"Description\":\"Sugars Quantity Per Serve - Total - NIP\",\"SortOrder\":651},{\"Id\":572,\"Name\":\"Sugars Quantity Per Serve - ValueWord - NIP\",\"Value\":\"2\",\"Description\":\"Sugars Quantity Per Serve - ValueWord - NIP\",\"SortOrder\":652}]}",
            "ovencook": "False",
            "vegetarian": "False",
            "hypo-allergenic": null,
            "timer": null,
            "dermatologistrecommended": null,
            "sapdepartmentno": "5",
            "allergencontains": null,
            "waterresistant": null,
            "friendlydisclaimer": null,
            "recyclableinformation": null,
            "usageinstructions": null,
            "freezable": "False"
          },
          "DetailsImagePaths": [
            "https://cdn0.woolworths.media/content/wowproductimages/large/061999.jpg"
          ],
          "Variety": "Mixed Vegetables",
          "Rating": {
            "ReviewCount": 690,
            "RatingCount": 690,
            "RatingSum": 2882,
            "OneStarCount": 11,
            "TwoStarCount": 21,
            "ThreeStarCount": 89,
            "FourStarCount": 283,
            "FiveStarCount": 286,
            "Average": 4.1768115942029,
            "OneStarPercentage": 1.59420289855072,
            "TwoStarPercentage": 3.04347826086957,
            "ThreeStarPercentage": 12.8985507246377,
            "FourStarPercentage": 41.0144927536232,
            "FiveStarPercentage": 41.4492753623188
          },
          "HasProductSubs": false,
          "IsSponsoredAd": false,
          "AdID": null,
          "AdIndex": null,
          "IsMarketProduct": false,
          "IsGiftable": false,
          "Vendor": null,
          "Untraceable": false,
          "ThirdPartyProductInfo": null,
          "MarketFeatures": null,
          "MarketSpecifications": null,
          "SupplyLimitSource": "StockQuantity",
          "Tags": null,
          "IsPersonalisedByPurchaseHistory": false,
          "IsFromFacetedSearch": false,
          "NextAvailabilityDate": null,
          "NumberOfSubstitutes": 0,
          "IsPrimaryVariant": false,
          "VariantGroupId": 0,
          "HasVariants": false,
          "VariantTitle": null,
          "IsTobacco": false
        }
      ],
      "Name": "Woolworths Prep Set Go Frozen Stir Fry Mixed Vegetables",
      "DisplayName": "Woolworths Prep Set Go Frozen Stir Fry Mixed Vegetables 500g"
    },
    {
      "Products": [
        {
          "TileID": 0,
          "Stockcode": 221063,
          "Barcode": "9300633906139",
          "GtinFormat": 13,
          "CupPrice": null,
          "InstoreCupPrice": null,
          "CupMeasure": "1KG",
          "CupString": "",
          "InstoreCupString": "",
          "HasCupPrice": false,
          "InstoreHasCupPrice": false,
          "Price": null,
          "InstorePrice": null,
          "Name": "Essentials Frozen Crinkle Cut Chips",
          "DisplayName": "Essentials Frozen Crinkle Cut Chips 1kg",
          "UrlFriendlyName": "essentials-frozen-crinkle-cut-chips",
          "Description": " Essentials Frozen Crinkle<br>Cut Chips 1Kg",
          "SmallImageFile": "https://cdn0.woolworths.media/content/wowproductimages/small/221063.jpg",
          "MediumImageFile": "https://cdn0.woolworths.media/content/wowproductimages/medium/221063.jpg",
          "LargeImageFile": "https://cdn0.woolworths.media/content/wowproductimages/large/221063.jpg",
          "IsNew": false,
          "IsHalfPrice": false,
          "IsOnlineOnly": false,
          "IsOnSpecial": false,
          "InstoreIsOnSpecial": false,
          "IsEdrSpecial": false,
          "SavingsAmount": null,
          "InstoreSavingsAmount": null,
          "WasPrice": 3.7,
          "InstoreWasPrice": 3.7,
          "QuantityInTrolley": 0,
          "Unit": "Each",
          "MinimumQuantity": 1,
          "HasBeenBoughtBefore": false,
          "IsInTrolley": false,
          "Source": "Aisle.Freezer",
          "SupplyLimit": 50,
          "ProductLimit": 50,
          "MaxSupplyLimitMessage": "50 item limit",
          "IsRanged": true,
          "IsInStock": false,
          "PackageSize": "1Kg",
          "IsPmDelivery": true,
          "IsForCollection": true,
          "IsForDelivery": true,
          "IsForExpress": true,
          "ProductRestrictionMessage": null,
          "ProductWarningMessage": null,
          "CentreTag": {
            "TagContent": null,
            "TagLink": null,
            "FallbackText": null,
            "TagType": "None",
            "MultibuyData": null,
            "TagContentText": null,
            "DualImageTagContent": null,
            "PromotionType": "NOT_SET",
            "IsRegisteredRewardCardPromotion": false
          },
          "IsCentreTag": false,
          "ImageTag": {
            "TagContent": null,
            "TagLink": null,
            "FallbackText": null,
            "TagType": "None",
            "MultibuyData": null,
            "TagContentText": null,
            "DualImageTagContent": null,
            "PromotionType": "NOT_SET",
            "IsRegisteredRewardCardPromotion": false
          },
          "HeaderTag": null,
          "HasHeaderTag": false,
          "UnitWeightInGrams": 0,
          "SupplyLimitMessage": "'Essentials Frozen Crinkle Cut Chips' has a supply limit of 50. The quantity in your cart has been reduced accordingly. To purchase a larger quantity, please contact us on 1800 000 610. Please note we do not supply trade orders.",
          "SmallFormatDescription": "Essentials Frozen Crinkle Cut Chips",
          "FullDescription": "Essentials Frozen Crinkle Cut Chips",
          "IsAvailable": false,
          "InstoreIsAvailable": false,
          "IsPurchasable": false,
          "InstoreIsPurchasable": false,
          "AgeRestricted": false,
          "DisplayQuantity": 1,
          "RichDescription": null,
          "HideWasSavedPrice": true,
          "SapCategories": null,
          "Brand": "Essentials",
          "IsRestrictedByDeliveryMethod": false,
          "FooterTag": {
            "TagContent": null,
            "TagLink": null,
            "FallbackText": null,
            "TagType": "None",
            "MultibuyData": null,
            "TagContentText": null,
            "DualImageTagContent": null,
            "PromotionType": "NOT_SET",
            "IsRegisteredRewardCardPromotion": false
          },
          "IsFooterEnabled": true,
          "Diagnostics": "30",
          "IsBundle": false,
          "IsInFamily": false,
          "ChildProducts": null,
          "UrlOverride": null,
          "AdditionalAttributes": {
            "boxedcontents": null,
            "addedvitaminsandminerals": "False",
            "sapdepartmentname": "GROCERIES",
            "spf": null,
            "haircolour": null,
            "lifestyleanddietarystatement": "Gluten Free",
            "sapcategoryname": "FREEZER - VEGETABLES",
            "skintype": null,
            "importantinformation": null,
            "allergystatement": "Wheat Free",
            "productdepthmm": null,
            "skincondition": null,
            "ophthalmologistapproved": null,
            "healthstarrating": "4.5",
            "hairtype": null,
            "fragrance-free": null,
            "sapsegmentname": "POTATO CHIPS - (PLAIN CHIPS)",
            "suitablefor": "Vegetarian",
            "PiesProductDepartmentsjson": "[{\"Id\":\"1_ACA2FC2\",\"Description\":\"Freezer\"}]",
            "piessubcategorynamesjson": "[\"Chips\"]",
            "sapsegmentno": "28",
            "productwidthmm": null,
            "contains": null,
            "sapsubcategoryname": "FREEZER - POTATO",
            "dermatologisttested": null,
            "wool_productpackaging": null,
            "dermatologicallyapproved": null,
            "specialsgroupid": null,
            "productimages": "221063.jpg,221063_2.jpg",
            "productheightmm": null,
            "r&r_hidereviews": null,
            "microwavesafe": "False",
            "paba-free": null,
            "lifestyleclaim": "Vegetarian",
            "alcoholfree": null,
            "tgawarning": null,
            "activeconstituents": null,
            "microwaveable": "False",
            "soap-free": null,
            "countryoforigin": null,
            "isexcludedfromsubstitution": "False",
            "productimagecount": "2",
            "r&r_loggedinreviews": null,
            "anti-dandruff": null,
            "servingsize-total-nip": null,
            "tgahealthwarninglink": null,
            "allergenmaybepresent": null,
            "PiesProductDepartmentNodeId": "1_ACA2FC2",
            "parabenfree": "False",
            "vendorarticleid": null,
            "containsgluten": "False",
            "containsnuts": "False",
            "ingredients": "Potato (96%), Sunflower Oil (4%)",
            "colour": null,
            "manufacturer": null,
            "sapcategoryno": "95",
            "storageinstructions": "Keep Frozen",
            "tgawarnings": null,
            "piesdepartmentnamesjson": "[\"Freezer\"]",
            "brand": "essentials",
            "oilfree": null,
            "fragrance": null,
            "antibacterial": "False",
            "non-comedogenic": null,
            "antiseptic": "False",
            "bpafree": "False",
            "vendorcostprice": null,
            "description": "Woolworths Homebrand Crinkle Cut Potato Chips.",
            "sweatresistant": null,
            "sapsubcategoryno": "67",
            "claims": null,
            "antioxidant": "False",
            "phbalanced": null,
            "wool_dietaryclaim": null,
            "ophthalmologisttested": null,
            "sulfatefree": "False",
            "servingsperpack-total-nip": null,
            "piescategorynamesjson": "[\"Chips & Wedges\"]",
            "nutritionalinformation": "{\"Name\":\"Nutritional Information\",\"Attributes\":[{\"Id\":702,\"Name\":\"Calcium Quantity Per 100g - Total - NIP\",\"Value\":\"8mg\",\"Description\":\"Calcium Quantity Per 100g - Total - NIP\",\"SortOrder\":71},{\"Id\":47,\"Name\":\"Calcium Quantity Per Serve - Total - NIP\",\"Value\":\"10mg\",\"Description\":\"Calcium Quantity Per Serve - Total - NIP\",\"SortOrder\":75},{\"Id\":705,\"Name\":\"Carbohydrate Quantity Per 100g - Total - NIP\",\"Value\":\"23.80g\",\"Description\":\"Carbohydrate Quantity Per 100g - Total - NIP\",\"SortOrder\":83},{\"Id\":706,\"Name\":\"Carbohydrate Quantity Per Serve - Total - NIP\",\"Value\":\"23.80g\",\"Description\":\"Carbohydrate Quantity Per Serve - Total - NIP\",\"SortOrder\":87},{\"Id\":191,\"Name\":\"Dietary Fibre Quantity Per 100g - Total - NIP\",\"Value\":\"2.20g\",\"Description\":\"Dietary Fibre Quantity Per 100g - Total - NIP\",\"SortOrder\":175},{\"Id\":120,\"Name\":\"Dietary Fibre Quantity Per Serve - Total - NIP\",\"Value\":\"2.20g\",\"Description\":\"Dietary Fibre Quantity Per Serve - Total - NIP\",\"SortOrder\":179},{\"Id\":759,\"Name\":\"Energy kJ Quantity Per 100g - Total - NIP\",\"Value\":\"576.00kJ\",\"Description\":\"Energy kJ Quantity Per 100g - Total - NIP\",\"SortOrder\":239},{\"Id\":760,\"Name\":\"Energy kJ Quantity Per Serve - Total - NIP\",\"Value\":\"576.00kJ\",\"Description\":\"Energy kJ Quantity Per Serve - Total - NIP\",\"SortOrder\":243},{\"Id\":253,\"Name\":\"Fat Saturated Quantity Per 100g - Total - NIP\",\"Value\":\"1.00g\",\"Description\":\"Fat Saturated Quantity Per 100g - Total - NIP\",\"SortOrder\":251},{\"Id\":258,\"Name\":\"Fat Saturated Quantity Per Serve - Total - NIP\",\"Value\":\"1.00g\",\"Description\":\"Fat Saturated Quantity Per Serve - Total - NIP\",\"SortOrder\":255},{\"Id\":764,\"Name\":\"Fat Total Quantity Per 100g - Total - NIP\",\"Value\":\"3.00g\",\"Description\":\"Fat Total Quantity Per 100g - Total - NIP\",\"SortOrder\":263},{\"Id\":166,\"Name\":\"Fat Total Quantity Per 100g - ValueWord - NIP\",\"Value\":\"3.00\",\"Description\":\"Fat Total Quantity Per 100g - ValueWord - NIP\",\"SortOrder\":264},{\"Id\":264,\"Name\":\"Fat Total Quantity Per Serve - Total - NIP\",\"Value\":\"3.00g\",\"Description\":\"Fat Total Quantity Per Serve - Total - NIP\",\"SortOrder\":267},{\"Id\":402,\"Name\":\"Monounsaturated Quantity Per 100g - Total - NIP\",\"Value\":\"4.82g\",\"Description\":\"Monounsaturated Quantity Per 100g - Total - NIP\",\"SortOrder\":479},{\"Id\":834,\"Name\":\"Monounsaturated Quantity Per Serve - Total - NIP\",\"Value\":\"6.03g\",\"Description\":\"Monounsaturated Quantity Per Serve - Total - NIP\",\"SortOrder\":483},{\"Id\":434,\"Name\":\"Polyunsaturated Quantity Per 100g - Total - NIP\",\"Value\":\"2.3g\",\"Description\":\"Polyunsaturated Quantity Per 100g - Total - NIP\",\"SortOrder\":563},{\"Id\":435,\"Name\":\"Polyunsaturated Quantity Per Serve - Total - NIP\",\"Value\":\"2.88g\",\"Description\":\"Polyunsaturated Quantity Per Serve - Total - NIP\",\"SortOrder\":567},{\"Id\":443,\"Name\":\"Potassium Quantity Per 100g - Total - NIP\",\"Value\":\"491mg\",\"Description\":\"Potassium Quantity Per 100g - Total - NIP\",\"SortOrder\":575},{\"Id\":493,\"Name\":\"Potassium Quantity Per Serve - Total - NIP\",\"Value\":\"613.75mg\",\"Description\":\"Potassium Quantity Per Serve - Total - NIP\",\"SortOrder\":579},{\"Id\":878,\"Name\":\"Protein Quantity Per 100g - Total - NIP\",\"Value\":\"2.50g\",\"Description\":\"Protein Quantity Per 100g - Total - NIP\",\"SortOrder\":587},{\"Id\":882,\"Name\":\"Protein Quantity Per Serve - Total - NIP\",\"Value\":\"2.50g\",\"Description\":\"Protein Quantity Per Serve - Total - NIP\",\"SortOrder\":591},{\"Id\":477,\"Name\":\"Serving Size - Total - NIP\",\"Value\":\"100.00g\",\"Description\":\"Serving Size - Total - NIP\",\"SortOrder\":607},{\"Id\":544,\"Name\":\"Servings Per Pack - Total - NIP\",\"Value\":\"10.00\",\"Description\":\"Servings Per Pack - Total - NIP\",\"SortOrder\":611},{\"Id\":491,\"Name\":\"Sodium Quantity Per 100g - Total - NIP\",\"Value\":\"75.00mg\",\"Description\":\"Sodium Quantity Per 100g - Total - NIP\",\"SortOrder\":623},{\"Id\":495,\"Name\":\"Sodium Quantity Per Serve - Total - NIP\",\"Value\":\"75.00mg\",\"Description\":\"Sodium Quantity Per Serve - Total - NIP\",\"SortOrder\":627},{\"Id\":907,\"Name\":\"Sugars Quantity Per 100g - Prefix - NIP\",\"Value\":null,\"Description\":\"Sugars Quantity Per 100g - Prefix - NIP\",\"SortOrder\":645},{\"Id\":908,\"Name\":\"Sugars Quantity Per 100g - SuffixUnits - NIP\",\"Value\":\"g\",\"Description\":\"Sugars Quantity Per 100g - SuffixUnits - NIP\",\"SortOrder\":646},{\"Id\":909,\"Name\":\"Sugars Quantity Per 100g - Total - NIP\",\"Value\":\"1.00g\",\"Description\":\"Sugars Quantity Per 100g - Total - NIP\",\"SortOrder\":647},{\"Id\":910,\"Name\":\"Sugars Quantity Per 100g - ValueWord - NIP\",\"Value\":\"1.00\",\"Description\":\"Sugars Quantity Per 100g - ValueWord - NIP\",\"SortOrder\":648},{\"Id\":504,\"Name\":\"Sugars Quantity Per Serve - Prefix - NIP\",\"Value\":null,\"Description\":\"Sugars Quantity Per Serve - Prefix - NIP\",\"SortOrder\":649},{\"Id\":911,\"Name\":\"Sugars Quantity Per Serve - SuffixUnits - NIP\",\"Value\":\"g\",\"Description\":\"Sugars Quantity Per Serve - SuffixUnits - NIP\",\"SortOrder\":650},{\"Id\":912,\"Name\":\"Sugars Quantity Per Serve - Total - NIP\",\"Value\":\"1.00g\",\"Description\":\"Sugars Quantity Per Serve - Total - NIP\",\"SortOrder\":651},{\"Id\":572,\"Name\":\"Sugars Quantity Per Serve - ValueWord - NIP\",\"Value\":\"1.00\",\"Description\":\"Sugars Quantity Per Serve - ValueWord - NIP\",\"SortOrder\":652},{\"Id\":593,\"Name\":\"Trans Quantity Per 100g - Total - NIP\",\"Value\":\"<0.1g\",\"Description\":\"Trans Quantity Per 100g - Total - NIP\",\"SortOrder\":667},{\"Id\":510,\"Name\":\"Trans Quantity Per Serve - Total - NIP\",\"Value\":\"<0.1g\",\"Description\":\"Trans Quantity Per Serve - Total - NIP\",\"SortOrder\":671}]}",
            "ovencook": "False",
            "vegetarian": "False",
            "hypo-allergenic": null,
            "timer": null,
            "dermatologistrecommended": null,
            "sapdepartmentno": "5",
            "allergencontains": null,
            "waterresistant": null,
            "friendlydisclaimer": null,
            "recyclableinformation": null,
            "usageinstructions": null,
            "freezable": "False"
          },
          "DetailsImagePaths": [
            "https://cdn0.woolworths.media/content/wowproductimages/large/221063.jpg"
          ],
          "Variety": "Cut Chips",
          "Rating": {
            "ReviewCount": 632,
            "RatingCount": 632,
            "RatingSum": 2544,
            "OneStarCount": 17,
            "TwoStarCount": 26,
            "ThreeStarCount": 118,
            "FourStarCount": 234,
            "FiveStarCount": 237,
            "Average": 4.0253164556962,
            "OneStarPercentage": 2.68987341772152,
            "TwoStarPercentage": 4.11392405063291,
            "ThreeStarPercentage": 18.6708860759494,
            "FourStarPercentage": 37.0253164556962,
            "FiveStarPercentage": 37.5
          },
          "HasProductSubs": false,
          "IsSponsoredAd": false,
          "AdID": null,
          "AdIndex": null,
          "IsMarketProduct": false,
          "IsGiftable": false,
          "Vendor": null,
          "Untraceable": false,
          "ThirdPartyProductInfo": null,
          "MarketFeatures": null,
          "MarketSpecifications": null,
          "SupplyLimitSource": "ProductLimit",
          "Tags": null,
          "IsPersonalisedByPurchaseHistory": false,
          "IsFromFacetedSearch": false,
          "NextAvailabilityDate": null,
          "NumberOfSubstitutes": 0,
          "IsPrimaryVariant": false,
          "VariantGroupId": 0,
          "HasVariants": false,
          "VariantTitle": null,
          "IsTobacco": false
        }
      ],
      "Name": "Essentials Frozen Crinkle Cut Chips",
      "DisplayName": "Essentials Frozen Crinkle Cut Chips 1kg"
    },
    {
      "Products": [
        {
          "TileID": 0,
          "Stockcode": 374274,
          "Barcode": "9300633218799",
          "GtinFormat": 13,
          "CupPrice": 4.5,
          "InstoreCupPrice": 4.5,
          "CupMeasure": "1KG",
          "CupString": "$4.50 / 1KG",
          "InstoreCupString": "$4.50 / 1KG",
          "HasCupPrice": true,
          "InstoreHasCupPrice": true,
          "Price": 4.5,
          "InstorePrice": 4.5,
          "Name": "Woolworths Corn Cobs Australia",
          "DisplayName": "Woolworths Corn Cobs Australia 1kg",
          "UrlFriendlyName": "woolworths-corn-cobs-australia",
          "Description": " Woolworths Corn Cobs<br>Australia 1Kg",
          "SmallImageFile": "https://cdn0.woolworths.media/content/wowproductimages/small/374274.jpg",
          "MediumImageFile": "https://cdn0.woolworths.media/content/wowproductimages/medium/374274.jpg",
          "LargeImageFile": "https://cdn0.woolworths.media/content/wowproductimages/large/374274.jpg",
          "IsNew": false,
          "IsHalfPrice": false,
          "IsOnlineOnly": false,
          "IsOnSpecial": false,
          "InstoreIsOnSpecial": false,
          "IsEdrSpecial": false,
          "SavingsAmount": 0,
          "InstoreSavingsAmount": 0,
          "WasPrice": 4.5,
          "InstoreWasPrice": 4.5,
          "QuantityInTrolley": 0,
          "Unit": "Each",
          "MinimumQuantity": 1,
          "HasBeenBoughtBefore": false,
          "IsInTrolley": false,
          "Source": "Aisle.Freezer",
          "SupplyLimit": 2,
          "ProductLimit": 50,
          "MaxSupplyLimitMessage": "2 item(s) left",
          "IsRanged": true,
          "IsInStock": true,
          "PackageSize": "1Kg",
          "IsPmDelivery": true,
          "IsForCollection": true,
          "IsForDelivery": true,
          "IsForExpress": true,
          "ProductRestrictionMessage": null,
          "ProductWarningMessage": null,
          "CentreTag": {
            "TagContent": null,
            "TagLink": null,
            "FallbackText": null,
            "TagType": "None",
            "MultibuyData": null,
            "TagContentText": null,
            "DualImageTagContent": null,
            "PromotionType": "NOT_SET",
            "IsRegisteredRewardCardPromotion": false
          },
          "IsCentreTag": false,
          "ImageTag": {
            "TagContent": null,
            "TagLink": null,
            "FallbackText": "",
            "TagType": "None",
            "MultibuyData": null,
            "TagContentText": null,
            "DualImageTagContent": null,
            "PromotionType": "NOT_SET",
            "IsRegisteredRewardCardPromotion": false
          },
          "HeaderTag": {
            "BackgroundColor": "#c20016",
            "BorderColor": "#c20016",
            "TextColor": "#fff",
            "Content": "LOW PRICE",
            "TagLink": null,
            "Promotion": "LowPrice"
          },
          "HasHeaderTag": true,
          "UnitWeightInGrams": 0,
          "SupplyLimitMessage": "'Woolworths Corn Cobs Australia' has a supply limit of 2. The quantity in your cart has been reduced accordingly. To purchase a larger quantity, please contact us on 1800 000 610. Please note we do not supply trade orders.",
          "SmallFormatDescription": "Woolworths Corn Cobs Australia",
          "FullDescription": "Woolworths Corn Cobs Australia",
          "IsAvailable": true,
          "InstoreIsAvailable": true,
          "IsPurchasable": true,
          "InstoreIsPurchasable": true,
          "AgeRestricted": false,
          "DisplayQuantity": 1,
          "RichDescription": null,
          "HideWasSavedPrice": false,
          "SapCategories": null,
          "Brand": "Woolworths",
          "IsRestrictedByDeliveryMethod": false,
          "FooterTag": {
            "TagContent": "Lower Price Always",
            "TagLink": null,
            "FallbackText": null,
            "TagType": "Html",
            "MultibuyData": null,
            "TagContentText": null,
            "DualImageTagContent": null,
            "PromotionType": "NOT_SET",
            "IsRegisteredRewardCardPromotion": false
          },
          "IsFooterEnabled": true,
          "Diagnostics": "31",
          "IsBundle": false,
          "IsInFamily": false,
          "ChildProducts": null,
          "UrlOverride": null,
          "AdditionalAttributes": {
            "boxedcontents": null,
            "addedvitaminsandminerals": "False",
            "sapdepartmentname": "GROCERIES",
            "spf": null,
            "haircolour": null,
            "lifestyleanddietarystatement": "Low Fat",
            "sapcategoryname": "FROZEN MEALS",
            "skintype": null,
            "importantinformation": null,
            "allergystatement": "Wheat Free",
            "productdepthmm": null,
            "skincondition": null,
            "ophthalmologistapproved": null,
            "healthstarrating": "5",
            "hairtype": null,
            "fragrance-free": null,
            "sapsegmentname": "CORN COBBS",
            "suitablefor": null,
            "PiesProductDepartmentsjson": "[{\"Id\":\"1_ACA2FC2\",\"Description\":\"Freezer\"}]",
            "piessubcategorynamesjson": "[\"Corn\",\"Gluten Free\"]",
            "sapsegmentno": "8",
            "productwidthmm": null,
            "contains": null,
            "sapsubcategoryname": "FREEZER - VEGETABLES",
            "dermatologisttested": null,
            "wool_productpackaging": null,
            "dermatologicallyapproved": null,
            "specialsgroupid": null,
            "productimages": "374274.jpg,374274_3.jpg,374274_6.jpg",
            "productheightmm": null,
            "r&r_hidereviews": null,
            "microwavesafe": "False",
            "paba-free": null,
            "lifestyleclaim": null,
            "alcoholfree": null,
            "tgawarning": null,
            "activeconstituents": null,
            "microwaveable": "False",
            "soap-free": null,
            "countryoforigin": null,
            "isexcludedfromsubstitution": "False",
            "productimagecount": "3",
            "r&r_loggedinreviews": null,
            "anti-dandruff": null,
            "servingsize-total-nip": null,
            "tgahealthwarninglink": null,
            "allergenmaybepresent": null,
            "PiesProductDepartmentNodeId": "1_ACA2FC2",
            "parabenfree": "False",
            "vendorarticleid": null,
            "containsgluten": "False",
            "containsnuts": "False",
            "ingredients": "Corn Cobs (100%)",
            "colour": null,
            "manufacturer": null,
            "sapcategoryno": "97",
            "storageinstructions": "Keep Frozen",
            "tgawarnings": null,
            "piesdepartmentnamesjson": "[\"Freezer\"]",
            "brand": "woolworths",
            "oilfree": null,
            "fragrance": null,
            "antibacterial": "False",
            "non-comedogenic": null,
            "antiseptic": "False",
            "bpafree": "False",
            "vendorcostprice": null,
            "description": null,
            "sweatresistant": null,
            "sapsubcategoryno": "103",
            "claims": null,
            "antioxidant": "False",
            "phbalanced": null,
            "wool_dietaryclaim": null,
            "ophthalmologisttested": null,
            "sulfatefree": "False",
            "servingsperpack-total-nip": null,
            "piescategorynamesjson": "[\"Frozen Vegetables\",\"Frozen Gluten Free\"]",
            "nutritionalinformation": "{\"Name\":\"Nutritional Information\",\"Attributes\":[{\"Id\":702,\"Name\":\"Calcium Quantity Per 100g - Total - NIP\",\"Value\":\"7mg\",\"Description\":\"Calcium Quantity Per 100g - Total - NIP\",\"SortOrder\":71},{\"Id\":47,\"Name\":\"Calcium Quantity Per Serve - Total - NIP\",\"Value\":\"3.5mg\",\"Description\":\"Calcium Quantity Per Serve - Total - NIP\",\"SortOrder\":75},{\"Id\":705,\"Name\":\"Carbohydrate Quantity Per 100g - Total - NIP\",\"Value\":\"12.00g\",\"Description\":\"Carbohydrate Quantity Per 100g - Total - NIP\",\"SortOrder\":83},{\"Id\":706,\"Name\":\"Carbohydrate Quantity Per Serve - Total - NIP\",\"Value\":\"6.00g\",\"Description\":\"Carbohydrate Quantity Per Serve - Total - NIP\",\"SortOrder\":87},{\"Id\":191,\"Name\":\"Dietary Fibre Quantity Per 100g - Total - NIP\",\"Value\":\"2.90g\",\"Description\":\"Dietary Fibre Quantity Per 100g - Total - NIP\",\"SortOrder\":175},{\"Id\":120,\"Name\":\"Dietary Fibre Quantity Per Serve - Total - NIP\",\"Value\":\"1.40g\",\"Description\":\"Dietary Fibre Quantity Per Serve - Total - NIP\",\"SortOrder\":179},{\"Id\":759,\"Name\":\"Energy kJ Quantity Per 100g - Total - NIP\",\"Value\":\"350.00kJ\",\"Description\":\"Energy kJ Quantity Per 100g - Total - NIP\",\"SortOrder\":239},{\"Id\":760,\"Name\":\"Energy kJ Quantity Per Serve - Total - NIP\",\"Value\":\"175.00kJ\",\"Description\":\"Energy kJ Quantity Per Serve - Total - NIP\",\"SortOrder\":243},{\"Id\":253,\"Name\":\"Fat Saturated Quantity Per 100g - Total - NIP\",\"Value\":\"0.30g\",\"Description\":\"Fat Saturated Quantity Per 100g - Total - NIP\",\"SortOrder\":251},{\"Id\":258,\"Name\":\"Fat Saturated Quantity Per Serve - Total - NIP\",\"Value\":\"0.20g\",\"Description\":\"Fat Saturated Quantity Per Serve - Total - NIP\",\"SortOrder\":255},{\"Id\":764,\"Name\":\"Fat Total Quantity Per 100g - Total - NIP\",\"Value\":\"1.50g\",\"Description\":\"Fat Total Quantity Per 100g - Total - NIP\",\"SortOrder\":263},{\"Id\":166,\"Name\":\"Fat Total Quantity Per 100g - ValueWord - NIP\",\"Value\":\"1.50\",\"Description\":\"Fat Total Quantity Per 100g - ValueWord - NIP\",\"SortOrder\":264},{\"Id\":264,\"Name\":\"Fat Total Quantity Per Serve - Total - NIP\",\"Value\":\"0.80g\",\"Description\":\"Fat Total Quantity Per Serve - Total - NIP\",\"SortOrder\":267},{\"Id\":402,\"Name\":\"Monounsaturated Quantity Per 100g - Total - NIP\",\"Value\":\"0.5\",\"Description\":\"Monounsaturated Quantity Per 100g - Total - NIP\",\"SortOrder\":479},{\"Id\":834,\"Name\":\"Monounsaturated Quantity Per Serve - Total - NIP\",\"Value\":\"0.2g\",\"Description\":\"Monounsaturated Quantity Per Serve - Total - NIP\",\"SortOrder\":483},{\"Id\":434,\"Name\":\"Polyunsaturated Quantity Per 100g - Total - NIP\",\"Value\":\"0.6\",\"Description\":\"Polyunsaturated Quantity Per 100g - Total - NIP\",\"SortOrder\":563},{\"Id\":435,\"Name\":\"Polyunsaturated Quantity Per Serve - Total - NIP\",\"Value\":\"0.3\",\"Description\":\"Polyunsaturated Quantity Per Serve - Total - NIP\",\"SortOrder\":567},{\"Id\":443,\"Name\":\"Potassium Quantity Per 100g - Total - NIP\",\"Value\":\"302mg\",\"Description\":\"Potassium Quantity Per 100g - Total - NIP\",\"SortOrder\":575},{\"Id\":493,\"Name\":\"Potassium Quantity Per Serve - Total - NIP\",\"Value\":\"151mg\",\"Description\":\"Potassium Quantity Per Serve - Total - NIP\",\"SortOrder\":579},{\"Id\":878,\"Name\":\"Protein Quantity Per 100g - Total - NIP\",\"Value\":\"3.90g\",\"Description\":\"Protein Quantity Per 100g - Total - NIP\",\"SortOrder\":587},{\"Id\":882,\"Name\":\"Protein Quantity Per Serve - Total - NIP\",\"Value\":\"2.00g\",\"Description\":\"Protein Quantity Per Serve - Total - NIP\",\"SortOrder\":591},{\"Id\":477,\"Name\":\"Serving Size - Total - NIP\",\"Value\":\"50.00g\",\"Description\":\"Serving Size - Total - NIP\",\"SortOrder\":607},{\"Id\":544,\"Name\":\"Servings Per Pack - Total - NIP\",\"Value\":\"8.00\",\"Description\":\"Servings Per Pack - Total - NIP\",\"SortOrder\":611},{\"Id\":491,\"Name\":\"Sodium Quantity Per 100g - Total - NIP\",\"Value\":\"2.00mg\",\"Description\":\"Sodium Quantity Per 100g - Total - NIP\",\"SortOrder\":623},{\"Id\":495,\"Name\":\"Sodium Quantity Per Serve - Total - NIP\",\"Value\":\"1.00mg\",\"Description\":\"Sodium Quantity Per Serve - Total - NIP\",\"SortOrder\":627},{\"Id\":907,\"Name\":\"Sugars Quantity Per 100g - Prefix - NIP\",\"Value\":\"Approx.\",\"Description\":\"Sugars Quantity Per 100g - Prefix - NIP\",\"SortOrder\":645},{\"Id\":908,\"Name\":\"Sugars Quantity Per 100g - SuffixUnits - NIP\",\"Value\":\"g\",\"Description\":\"Sugars Quantity Per 100g - SuffixUnits - NIP\",\"SortOrder\":646},{\"Id\":909,\"Name\":\"Sugars Quantity Per 100g - Total - NIP\",\"Value\":\"8.10g\",\"Description\":\"Sugars Quantity Per 100g - Total - NIP\",\"SortOrder\":647},{\"Id\":910,\"Name\":\"Sugars Quantity Per 100g - ValueWord - NIP\",\"Value\":\"8.10\",\"Description\":\"Sugars Quantity Per 100g - ValueWord - NIP\",\"SortOrder\":648},{\"Id\":504,\"Name\":\"Sugars Quantity Per Serve - Prefix - NIP\",\"Value\":null,\"Description\":\"Sugars Quantity Per Serve - Prefix - NIP\",\"SortOrder\":649},{\"Id\":911,\"Name\":\"Sugars Quantity Per Serve - SuffixUnits - NIP\",\"Value\":\"g\",\"Description\":\"Sugars Quantity Per Serve - SuffixUnits - NIP\",\"SortOrder\":650},{\"Id\":912,\"Name\":\"Sugars Quantity Per Serve - Total - NIP\",\"Value\":\"4.00g\",\"Description\":\"Sugars Quantity Per Serve - Total - NIP\",\"SortOrder\":651},{\"Id\":572,\"Name\":\"Sugars Quantity Per Serve - ValueWord - NIP\",\"Value\":\"4.00\",\"Description\":\"Sugars Quantity Per Serve - ValueWord - NIP\",\"SortOrder\":652},{\"Id\":593,\"Name\":\"Trans Quantity Per 100g - Total - NIP\",\"Value\":\"<0.1g\",\"Description\":\"Trans Quantity Per 100g - Total - NIP\",\"SortOrder\":667},{\"Id\":510,\"Name\":\"Trans Quantity Per Serve - Total - NIP\",\"Value\":\"<0.1g\",\"Description\":\"Trans Quantity Per Serve - Total - NIP\",\"SortOrder\":671}]}",
            "ovencook": "False",
            "vegetarian": "False",
            "hypo-allergenic": null,
            "timer": null,
            "dermatologistrecommended": null,
            "sapdepartmentno": "5",
            "allergencontains": null,
            "waterresistant": null,
            "friendlydisclaimer": null,
            "recyclableinformation": null,
            "usageinstructions": null,
            "freezable": "False"
          },
          "DetailsImagePaths": [
            "https://cdn0.woolworths.media/content/wowproductimages/large/374274.jpg"
          ],
          "Variety": "Australia",
          "Rating": {
            "ReviewCount": 457,
            "RatingCount": 457,
            "RatingSum": 1948,
            "OneStarCount": 12,
            "TwoStarCount": 16,
            "ThreeStarCount": 46,
            "FourStarCount": 149,
            "FiveStarCount": 234,
            "Average": 4.26258205689278,
            "OneStarPercentage": 2.62582056892779,
            "TwoStarPercentage": 3.50109409190372,
            "ThreeStarPercentage": 10.0656455142232,
            "FourStarPercentage": 32.6039387308534,
            "FiveStarPercentage": 51.2035010940919
          },
          "HasProductSubs": false,
          "IsSponsoredAd": false,
          "AdID": null,
          "AdIndex": null,
          "IsMarketProduct": false,
          "IsGiftable": false,
          "Vendor": null,
          "Untraceable": false,
          "ThirdPartyProductInfo": null,
          "MarketFeatures": null,
          "MarketSpecifications": null,
          "SupplyLimitSource": "StockQuantity",
          "Tags": [
            {
              "Content": {
                "Type": "Label",
                "Position": "Top",
                "Attributes": {
                  "Text": "LOW PRICE",
                  "Promotion": "LowPrice",
                  "BackgroundColor": "#c20016",
                  "BorderColor": "#c20016",
                  "TextColor": "#fff"
                }
              },
              "TemplateId": null,
              "Metadata": null
            }
          ],
          "IsPersonalisedByPurchaseHistory": false,
          "IsFromFacetedSearch": false,
          "NextAvailabilityDate": null,
          "NumberOfSubstitutes": 0,
          "IsPrimaryVariant": false,
          "VariantGroupId": 0,
          "HasVariants": false,
          "VariantTitle": null,
          "IsTobacco": false
        }
      ],
      "Name": "Woolworths Corn Cobs Australia",
      "DisplayName": "Woolworths Corn Cobs Australia 1kg"
    },
    {
      "Products": [
        {
          "TileID": 0,
          "Stockcode": 662933,
          "Barcode": "9310174157471",
          "GtinFormat": 13,
          "CupPrice": 5,
          "InstoreCupPrice": 5,
          "CupMeasure": "1KG",
          "CupString": "$5.00 / 1KG",
          "InstoreCupString": "$5.00 / 1KG",
          "HasCupPrice": true,
          "InstoreHasCupPrice": true,
          "Price": 4.5,
          "InstorePrice": 4.5,
          "Name": "Mccain Superfries Straight Cut",
          "DisplayName": "Mccain Superfries Straight Cut 900g",
          "UrlFriendlyName": "mccain-superfries-straight-cut",
          "Description": " Mccain Superfries Straight<br>Cut  900G",
          "SmallImageFile": "https://cdn0.woolworths.media/content/wowproductimages/small/662933.jpg",
          "MediumImageFile": "https://cdn0.woolworths.media/content/wowproductimages/medium/662933.jpg",
          "LargeImageFile": "https://cdn0.woolworths.media/content/wowproductimages/large/662933.jpg",
          "IsNew": false,
          "IsHalfPrice": false,
          "IsOnlineOnly": false,
          "IsOnSpecial": false,
          "InstoreIsOnSpecial": false,
          "IsEdrSpecial": false,
          "SavingsAmount": 0,
          "InstoreSavingsAmount": 0,
          "WasPrice": 4.5,
          "InstoreWasPrice": 4.5,
          "QuantityInTrolley": 0,
          "Unit": "Each",
          "MinimumQuantity": 1,
          "HasBeenBoughtBefore": false,
          "IsInTrolley": false,
          "Source": "Aisle.Freezer",
          "SupplyLimit": 29,
          "ProductLimit": 50,
          "MaxSupplyLimitMessage": "29 item(s) left",
          "IsRanged": true,
          "IsInStock": true,
          "PackageSize": "900G",
          "IsPmDelivery": true,
          "IsForCollection": true,
          "IsForDelivery": true,
          "IsForExpress": true,
          "ProductRestrictionMessage": null,
          "ProductWarningMessage": null,
          "CentreTag": {
            "TagContent": null,
            "TagLink": null,
            "FallbackText": null,
            "TagType": "None",
            "MultibuyData": null,
            "TagContentText": null,
            "DualImageTagContent": null,
            "PromotionType": "NOT_SET",
            "IsRegisteredRewardCardPromotion": false
          },
          "IsCentreTag": false,
          "ImageTag": {
            "TagContent": null,
            "TagLink": null,
            "FallbackText": "",
            "TagType": "None",
            "MultibuyData": null,
            "TagContentText": null,
            "DualImageTagContent": null,
            "PromotionType": "NOT_SET",
            "IsRegisteredRewardCardPromotion": false
          },
          "HeaderTag": {
            "BackgroundColor": "#c20016",
            "BorderColor": "#c20016",
            "TextColor": "#fff",
            "Content": "LOW PRICE",
            "TagLink": null,
            "Promotion": "LowPrice"
          },
          "HasHeaderTag": true,
          "UnitWeightInGrams": 0,
          "SupplyLimitMessage": "'Mccain Superfries Straight Cut' has a supply limit of 29. The quantity in your cart has been reduced accordingly. To purchase a larger quantity, please contact us on 1800 000 610. Please note we do not supply trade orders.",
          "SmallFormatDescription": "Mccain Superfries Straight Cut ",
          "FullDescription": "Mccain Superfries Straight Cut ",
          "IsAvailable": true,
          "InstoreIsAvailable": true,
          "IsPurchasable": true,
          "InstoreIsPurchasable": true,
          "AgeRestricted": false,
          "DisplayQuantity": 1,
          "RichDescription": null,
          "HideWasSavedPrice": false,
          "SapCategories": null,
          "Brand": "McCain",
          "IsRestrictedByDeliveryMethod": false,
          "FooterTag": {
            "TagContent": "Lower Price Always",
            "TagLink": null,
            "FallbackText": null,
            "TagType": "Html",
            "MultibuyData": null,
            "TagContentText": null,
            "DualImageTagContent": null,
            "PromotionType": "NOT_SET",
            "IsRegisteredRewardCardPromotion": false
          },
          "IsFooterEnabled": true,
          "Diagnostics": "32",
          "IsBundle": false,
          "IsInFamily": false,
          "ChildProducts": null,
          "UrlOverride": null,
          "AdditionalAttributes": {
            "boxedcontents": null,
            "addedvitaminsandminerals": "False",
            "sapdepartmentname": "GROCERIES",
            "spf": null,
            "haircolour": null,
            "lifestyleanddietarystatement": "Vegan",
            "sapcategoryname": "FREEZER - VEGETABLES",
            "skintype": null,
            "importantinformation": null,
            "allergystatement": "Wheat Free",
            "productdepthmm": null,
            "skincondition": null,
            "ophthalmologistapproved": null,
            "healthstarrating": "4.5",
            "hairtype": null,
            "fragrance-free": null,
            "sapsegmentname": "POTATO CHIPS - (PLAIN CHIPS)",
            "suitablefor": null,
            "PiesProductDepartmentsjson": "[{\"Id\":\"1_ACA2FC2\",\"Description\":\"Freezer\"}]",
            "piessubcategorynamesjson": "[\"Chips\"]",
            "sapsegmentno": "28",
            "productwidthmm": null,
            "contains": null,
            "sapsubcategoryname": "FREEZER - POTATO",
            "dermatologisttested": null,
            "wool_productpackaging": null,
            "dermatologicallyapproved": null,
            "specialsgroupid": null,
            "productimages": "662933.jpg,662933_10.jpg",
            "productheightmm": null,
            "r&r_hidereviews": null,
            "microwavesafe": "False",
            "paba-free": null,
            "lifestyleclaim": "Real Australian potatoes, Cooked in Canola Oil",
            "alcoholfree": null,
            "tgawarning": null,
            "activeconstituents": null,
            "microwaveable": "False",
            "soap-free": null,
            "countryoforigin": null,
            "isexcludedfromsubstitution": "False",
            "productimagecount": "2",
            "r&r_loggedinreviews": null,
            "anti-dandruff": null,
            "servingsize-total-nip": null,
            "tgahealthwarninglink": null,
            "allergenmaybepresent": "Gluten containing cereals, Sulphites",
            "PiesProductDepartmentNodeId": "1_ACA2FC2",
            "parabenfree": "False",
            "vendorarticleid": null,
            "containsgluten": "False",
            "containsnuts": "False",
            "ingredients": "Potato, Canola Oil, Dextrose (from Maize)",
            "colour": null,
            "manufacturer": null,
            "sapcategoryno": "95",
            "storageinstructions": "Store at or below minus 18°C. Do not thaw before cooking. Product must be cooked before consumption.",
            "tgawarnings": null,
            "piesdepartmentnamesjson": "[\"Freezer\"]",
            "brand": "mccain",
            "oilfree": null,
            "fragrance": null,
            "antibacterial": "False",
            "non-comedogenic": null,
            "antiseptic": "False",
            "bpafree": "False",
            "vendorcostprice": null,
            "description": "McCain Superfries Straight cut fries are made with natural ingredients and 100% Australian sourced potatoes cooked in canola oil. Making them delicious and heart healthy option.",
            "sweatresistant": null,
            "sapsubcategoryno": "67",
            "claims": null,
            "antioxidant": "False",
            "phbalanced": null,
            "wool_dietaryclaim": null,
            "ophthalmologisttested": null,
            "sulfatefree": "False",
            "servingsperpack-total-nip": null,
            "piescategorynamesjson": "[\"Chips & Wedges\"]",
            "nutritionalinformation": "{\"Name\":\"Nutritional Information\",\"Attributes\":[{\"Id\":705,\"Name\":\"Carbohydrate Quantity Per 100g - Total - NIP\",\"Value\":\"22.10g\",\"Description\":\"Carbohydrate Quantity Per 100g - Total - NIP\",\"SortOrder\":83},{\"Id\":706,\"Name\":\"Carbohydrate Quantity Per Serve - Total - NIP\",\"Value\":\"22.10g\",\"Description\":\"Carbohydrate Quantity Per Serve - Total - NIP\",\"SortOrder\":87},{\"Id\":714,\"Name\":\"Cholesterol Quantity Per 100g - Total - NIP\",\"Value\":\"<1mg\",\"Description\":\"Cholesterol Quantity Per 100g - Total - NIP\",\"SortOrder\":111},{\"Id\":125,\"Name\":\"Cholesterol Quantity Per Serve - Total - NIP\",\"Value\":\"<1mg\",\"Description\":\"Cholesterol Quantity Per Serve - Total - NIP\",\"SortOrder\":115},{\"Id\":191,\"Name\":\"Dietary Fibre Quantity Per 100g - Total - NIP\",\"Value\":null,\"Description\":\"Dietary Fibre Quantity Per 100g - Total - NIP\",\"SortOrder\":175},{\"Id\":120,\"Name\":\"Dietary Fibre Quantity Per Serve - Total - NIP\",\"Value\":null,\"Description\":\"Dietary Fibre Quantity Per Serve - Total - NIP\",\"SortOrder\":179},{\"Id\":759,\"Name\":\"Energy kJ Quantity Per 100g - Total - NIP\",\"Value\":\"576.00kJ\",\"Description\":\"Energy kJ Quantity Per 100g - Total - NIP\",\"SortOrder\":239},{\"Id\":760,\"Name\":\"Energy kJ Quantity Per Serve - Total - NIP\",\"Value\":\"576.00kJ\",\"Description\":\"Energy kJ Quantity Per Serve - Total - NIP\",\"SortOrder\":243},{\"Id\":253,\"Name\":\"Fat Saturated Quantity Per 100g - Total - NIP\",\"Value\":\"0.30g\",\"Description\":\"Fat Saturated Quantity Per 100g - Total - NIP\",\"SortOrder\":251},{\"Id\":258,\"Name\":\"Fat Saturated Quantity Per Serve - Total - NIP\",\"Value\":\"0.30g\",\"Description\":\"Fat Saturated Quantity Per Serve - Total - NIP\",\"SortOrder\":255},{\"Id\":764,\"Name\":\"Fat Total Quantity Per 100g - Total - NIP\",\"Value\":\"3.60g\",\"Description\":\"Fat Total Quantity Per 100g - Total - NIP\",\"SortOrder\":263},{\"Id\":166,\"Name\":\"Fat Total Quantity Per 100g - ValueWord - NIP\",\"Value\":\"3.60\",\"Description\":\"Fat Total Quantity Per 100g - ValueWord - NIP\",\"SortOrder\":264},{\"Id\":264,\"Name\":\"Fat Total Quantity Per Serve - Total - NIP\",\"Value\":\"3.60g\",\"Description\":\"Fat Total Quantity Per Serve - Total - NIP\",\"SortOrder\":267},{\"Id\":878,\"Name\":\"Protein Quantity Per 100g - Total - NIP\",\"Value\":\"2.90g\",\"Description\":\"Protein Quantity Per 100g - Total - NIP\",\"SortOrder\":587},{\"Id\":882,\"Name\":\"Protein Quantity Per Serve - Total - NIP\",\"Value\":\"2.90g\",\"Description\":\"Protein Quantity Per Serve - Total - NIP\",\"SortOrder\":591},{\"Id\":477,\"Name\":\"Serving Size - Total - NIP\",\"Value\":\"100.00g\",\"Description\":\"Serving Size - Total - NIP\",\"SortOrder\":607},{\"Id\":544,\"Name\":\"Servings Per Pack - Total - NIP\",\"Value\":\"9.00\",\"Description\":\"Servings Per Pack - Total - NIP\",\"SortOrder\":611},{\"Id\":491,\"Name\":\"Sodium Quantity Per 100g - Total - NIP\",\"Value\":\"43.00mg\",\"Description\":\"Sodium Quantity Per 100g - Total - NIP\",\"SortOrder\":623},{\"Id\":495,\"Name\":\"Sodium Quantity Per Serve - Total - NIP\",\"Value\":\"43.00mg\",\"Description\":\"Sodium Quantity Per Serve - Total - NIP\",\"SortOrder\":627},{\"Id\":907,\"Name\":\"Sugars Quantity Per 100g - Prefix - NIP\",\"Value\":\"Approx.\",\"Description\":\"Sugars Quantity Per 100g - Prefix - NIP\",\"SortOrder\":645},{\"Id\":908,\"Name\":\"Sugars Quantity Per 100g - SuffixUnits - NIP\",\"Value\":\"g\",\"Description\":\"Sugars Quantity Per 100g - SuffixUnits - NIP\",\"SortOrder\":646},{\"Id\":909,\"Name\":\"Sugars Quantity Per 100g - Total - NIP\",\"Value\":\"0.20g\",\"Description\":\"Sugars Quantity Per 100g - Total - NIP\",\"SortOrder\":647},{\"Id\":910,\"Name\":\"Sugars Quantity Per 100g - ValueWord - NIP\",\"Value\":\"0.20\",\"Description\":\"Sugars Quantity Per 100g - ValueWord - NIP\",\"SortOrder\":648},{\"Id\":504,\"Name\":\"Sugars Quantity Per Serve - Prefix - NIP\",\"Value\":\"Approx.\",\"Description\":\"Sugars Quantity Per Serve - Prefix - NIP\",\"SortOrder\":649},{\"Id\":911,\"Name\":\"Sugars Quantity Per Serve - SuffixUnits - NIP\",\"Value\":\"g\",\"Description\":\"Sugars Quantity Per Serve - SuffixUnits - NIP\",\"SortOrder\":650},{\"Id\":912,\"Name\":\"Sugars Quantity Per Serve - Total - NIP\",\"Value\":\"0.20g\",\"Description\":\"Sugars Quantity Per Serve - Total - NIP\",\"SortOrder\":651},{\"Id\":572,\"Name\":\"Sugars Quantity Per Serve - ValueWord - NIP\",\"Value\":\"0.20\",\"Description\":\"Sugars Quantity Per Serve - ValueWord - NIP\",\"SortOrder\":652},{\"Id\":593,\"Name\":\"Trans Quantity Per 100g - Total - NIP\",\"Value\":\"<0.1g\",\"Description\":\"Trans Quantity Per 100g - Total - NIP\",\"SortOrder\":667},{\"Id\":510,\"Name\":\"Trans Quantity Per Serve - Total - NIP\",\"Value\":\"<0.1g\",\"Description\":\"Trans Quantity Per Serve - Total - NIP\",\"SortOrder\":671}]}",
            "ovencook": "False",
            "vegetarian": "False",
            "hypo-allergenic": null,
            "timer": null,
            "dermatologistrecommended": null,
            "sapdepartmentno": "5",
            "allergencontains": null,
            "waterresistant": null,
            "friendlydisclaimer": null,
            "recyclableinformation": null,
            "usageinstructions": null,
            "freezable": "False"
          },
          "DetailsImagePaths": [
            "https://cdn0.woolworths.media/content/wowproductimages/large/662933.jpg"
          ],
          "Variety": null,
          "Rating": {
            "ReviewCount": 71,
            "RatingCount": 71,
            "RatingSum": 296,
            "OneStarCount": 4,
            "TwoStarCount": 2,
            "ThreeStarCount": 7,
            "FourStarCount": 23,
            "FiveStarCount": 35,
            "Average": 4.16901408450704,
            "OneStarPercentage": 5.63380281690141,
            "TwoStarPercentage": 2.8169014084507,
            "ThreeStarPercentage": 9.85915492957746,
            "FourStarPercentage": 32.3943661971831,
            "FiveStarPercentage": 49.2957746478873
          },
          "HasProductSubs": false,
          "IsSponsoredAd": false,
          "AdID": null,
          "AdIndex": null,
          "IsMarketProduct": false,
          "IsGiftable": false,
          "Vendor": null,
          "Untraceable": false,
          "ThirdPartyProductInfo": null,
          "MarketFeatures": null,
          "MarketSpecifications": null,
          "SupplyLimitSource": "StockQuantity",
          "Tags": [
            {
              "Content": {
                "Type": "Label",
                "Position": "Top",
                "Attributes": {
                  "Text": "LOW PRICE",
                  "Promotion": "LowPrice",
                  "BackgroundColor": "#c20016",
                  "BorderColor": "#c20016",
                  "TextColor": "#fff"
                }
              },
              "TemplateId": null,
              "Metadata": null
            }
          ],
          "IsPersonalisedByPurchaseHistory": false,
          "IsFromFacetedSearch": false,
          "NextAvailabilityDate": null,
          "NumberOfSubstitutes": 0,
          "IsPrimaryVariant": false,
          "VariantGroupId": 0,
          "HasVariants": false,
          "VariantTitle": null,
          "IsTobacco": false
        }
      ],
      "Name": "Mccain Superfries Straight Cut",
      "DisplayName": "Mccain Superfries Straight Cut 900g"
    },
    {
      "Products": [
        {
          "TileID": 0,
          "Stockcode": 754183,
          "Barcode": "9300633415280",
          "GtinFormat": 13,
          "CupPrice": 6,
          "InstoreCupPrice": 6,
          "CupMeasure": "1KG",
          "CupString": "$6.00 / 1KG",
          "InstoreCupString": "$6.00 / 1KG",
          "HasCupPrice": true,
          "InstoreHasCupPrice": true,
          "Price": 3,
          "InstorePrice": 3,
          "Name": "Woolworths Australian Baby Peas",
          "DisplayName": "Woolworths Australian Baby Peas 500g",
          "UrlFriendlyName": "woolworths-australian-baby-peas",
          "Description": " Woolworths Australian Baby<br>Peas  500G",
          "SmallImageFile": "https://cdn0.woolworths.media/content/wowproductimages/small/754183.jpg",
          "MediumImageFile": "https://cdn0.woolworths.media/content/wowproductimages/medium/754183.jpg",
          "LargeImageFile": "https://cdn0.woolworths.media/content/wowproductimages/large/754183.jpg",
          "IsNew": false,
          "IsHalfPrice": false,
          "IsOnlineOnly": false,
          "IsOnSpecial": false,
          "InstoreIsOnSpecial": false,
          "IsEdrSpecial": false,
          "SavingsAmount": 0,
          "InstoreSavingsAmount": 0,
          "WasPrice": 3,
          "InstoreWasPrice": 3,
          "QuantityInTrolley": 0,
          "Unit": "Each",
          "MinimumQuantity": 1,
          "HasBeenBoughtBefore": false,
          "IsInTrolley": false,
          "Source": "Aisle.Freezer",
          "SupplyLimit": 4,
          "ProductLimit": 50,
          "MaxSupplyLimitMessage": "4 item(s) left",
          "IsRanged": true,
          "IsInStock": true,
          "PackageSize": "500G",
          "IsPmDelivery": true,
          "IsForCollection": true,
          "IsForDelivery": true,
          "IsForExpress": true,
          "ProductRestrictionMessage": null,
          "ProductWarningMessage": null,
          "CentreTag": {
            "TagContent": null,
            "TagLink": null,
            "FallbackText": null,
            "TagType": "None",
            "MultibuyData": null,
            "TagContentText": null,
            "DualImageTagContent": null,
            "PromotionType": "NOT_SET",
            "IsRegisteredRewardCardPromotion": false
          },
          "IsCentreTag": false,
          "ImageTag": {
            "TagContent": null,
            "TagLink": null,
            "FallbackText": "",
            "TagType": "None",
            "MultibuyData": null,
            "TagContentText": null,
            "DualImageTagContent": null,
            "PromotionType": "NOT_SET",
            "IsRegisteredRewardCardPromotion": false
          },
          "HeaderTag": {
            "BackgroundColor": "#c20016",
            "BorderColor": "#c20016",
            "TextColor": "#fff",
            "Content": "LOW PRICE",
            "TagLink": null,
            "Promotion": "LowPrice"
          },
          "HasHeaderTag": true,
          "UnitWeightInGrams": 0,
          "SupplyLimitMessage": "'Woolworths Australian Baby Peas' has a supply limit of 4. The quantity in your cart has been reduced accordingly. To purchase a larger quantity, please contact us on 1800 000 610. Please note we do not supply trade orders.",
          "SmallFormatDescription": "Woolworths Australian Baby Peas ",
          "FullDescription": "Woolworths Australian Baby Peas ",
          "IsAvailable": true,
          "InstoreIsAvailable": true,
          "IsPurchasable": true,
          "InstoreIsPurchasable": true,
          "AgeRestricted": false,
          "DisplayQuantity": 1,
          "RichDescription": null,
          "HideWasSavedPrice": false,
          "SapCategories": null,
          "Brand": "Woolworths",
          "IsRestrictedByDeliveryMethod": false,
          "FooterTag": {
            "TagContent": "Lower Price Always",
            "TagLink": null,
            "FallbackText": null,
            "TagType": "Html",
            "MultibuyData": null,
            "TagContentText": null,
            "DualImageTagContent": null,
            "PromotionType": "NOT_SET",
            "IsRegisteredRewardCardPromotion": false
          },
          "IsFooterEnabled": true,
          "Diagnostics": "33",
          "IsBundle": false,
          "IsInFamily": false,
          "ChildProducts": null,
          "UrlOverride": null,
          "AdditionalAttributes": {
            "boxedcontents": null,
            "addedvitaminsandminerals": "False",
            "sapdepartmentname": "GROCERIES",
            "spf": null,
            "haircolour": null,
            "lifestyleanddietarystatement": "Low Salt",
            "sapcategoryname": "FROZEN MEALS",
            "skintype": null,
            "importantinformation": null,
            "allergystatement": "Wheat Free",
            "productdepthmm": null,
            "skincondition": null,
            "ophthalmologistapproved": null,
            "healthstarrating": "5",
            "hairtype": null,
            "fragrance-free": null,
            "sapsegmentname": "PEAS BABY",
            "suitablefor": null,
            "PiesProductDepartmentsjson": "[{\"Id\":\"1_ACA2FC2\",\"Description\":\"Freezer\"}]",
            "piessubcategorynamesjson": "[\"Beans & Peas\",\"Gluten Free\"]",
            "sapsegmentno": "15",
            "productwidthmm": null,
            "contains": null,
            "sapsubcategoryname": "FREEZER - VEGETABLES",
            "dermatologisttested": null,
            "wool_productpackaging": null,
            "dermatologicallyapproved": null,
            "specialsgroupid": null,
            "productimages": "754183.jpg,754183_2.jpg",
            "productheightmm": null,
            "r&r_hidereviews": null,
            "microwavesafe": "False",
            "paba-free": null,
            "lifestyleclaim": null,
            "alcoholfree": null,
            "tgawarning": null,
            "activeconstituents": null,
            "microwaveable": "False",
            "soap-free": null,
            "countryoforigin": null,
            "isexcludedfromsubstitution": "False",
            "productimagecount": "2",
            "r&r_loggedinreviews": null,
            "anti-dandruff": null,
            "servingsize-total-nip": null,
            "tgahealthwarninglink": null,
            "allergenmaybepresent": null,
            "PiesProductDepartmentNodeId": "1_ACA2FC2",
            "parabenfree": "False",
            "vendorarticleid": null,
            "containsgluten": "False",
            "containsnuts": "False",
            "ingredients": "Baby Peas (100%).",
            "colour": null,
            "manufacturer": null,
            "sapcategoryno": "97",
            "storageinstructions": "Keep Frozen at or below -18°C.<br>Once thawed, do not refreeze.",
            "tgawarnings": null,
            "piesdepartmentnamesjson": "[\"Freezer\"]",
            "brand": "woolworths",
            "oilfree": null,
            "fragrance": null,
            "antibacterial": "False",
            "non-comedogenic": null,
            "antiseptic": "False",
            "bpafree": "False",
            "vendorcostprice": null,
            "description": "<p>- Snap frozen to lock in the goodness.</p><p>- Source of Fibre for healthy digestion (As part of a healthy balanced diet).</p><p>- Source of Vitamin C for a healthy immune system (As part of a healthy balanced diet).</p><p>- No Artificial Colours, Flavours or Preservatives.</p><p>We're committed to bringing you good quality food. That's why all our products are tested by Woolworths shoppers, just like you.</p><p>1 serve of vegetables= 1/2 cup.</p><p>One serve of vegetables is equal to approximately 75g. Australian Dietary Guidelines recommend 5 serves of vegetables per day.</p><p>Proudly Homegrown</p><p>Bringing you 100%  vegetables all year round with the help of farmers like Simon, Tom and Sam. Our vegetables are grown, picked, snap-frozen and packaged with care to deliver a great product to you and your families.</p>",
            "sweatresistant": null,
            "sapsubcategoryno": "103",
            "claims": null,
            "antioxidant": "False",
            "phbalanced": null,
            "wool_dietaryclaim": null,
            "ophthalmologisttested": null,
            "sulfatefree": "False",
            "servingsperpack-total-nip": null,
            "piescategorynamesjson": "[\"Frozen Vegetables\",\"Frozen Gluten Free\"]",
            "nutritionalinformation": "{\"Name\":\"Nutritional Information\",\"Attributes\":[{\"Id\":702,\"Name\":\"Calcium Quantity Per 100g - Total - NIP\",\"Value\":\"30mg\",\"Description\":\"Calcium Quantity Per 100g - Total - NIP\",\"SortOrder\":71},{\"Id\":47,\"Name\":\"Calcium Quantity Per Serve - Total - NIP\",\"Value\":\"22.5mg\",\"Description\":\"Calcium Quantity Per Serve - Total - NIP\",\"SortOrder\":75},{\"Id\":705,\"Name\":\"Carbohydrate Quantity Per 100g - Total - NIP\",\"Value\":\"7.2g\",\"Description\":\"Carbohydrate Quantity Per 100g - Total - NIP\",\"SortOrder\":83},{\"Id\":706,\"Name\":\"Carbohydrate Quantity Per Serve - Total - NIP\",\"Value\":\"5.4g\",\"Description\":\"Carbohydrate Quantity Per Serve - Total - NIP\",\"SortOrder\":87},{\"Id\":191,\"Name\":\"Dietary Fibre Quantity Per 100g - Total - NIP\",\"Value\":\"4.3g\",\"Description\":\"Dietary Fibre Quantity Per 100g - Total - NIP\",\"SortOrder\":175},{\"Id\":120,\"Name\":\"Dietary Fibre Quantity Per Serve - Total - NIP\",\"Value\":\"3.2g\",\"Description\":\"Dietary Fibre Quantity Per Serve - Total - NIP\",\"SortOrder\":179},{\"Id\":759,\"Name\":\"Energy kJ Quantity Per 100g - Total - NIP\",\"Value\":\"257kJ\",\"Description\":\"Energy kJ Quantity Per 100g - Total - NIP\",\"SortOrder\":239},{\"Id\":760,\"Name\":\"Energy kJ Quantity Per Serve - Total - NIP\",\"Value\":\"193kJ\",\"Description\":\"Energy kJ Quantity Per Serve - Total - NIP\",\"SortOrder\":243},{\"Id\":253,\"Name\":\"Fat Saturated Quantity Per 100g - Total - NIP\",\"Value\":\"<1.0g\",\"Description\":\"Fat Saturated Quantity Per 100g - Total - NIP\",\"SortOrder\":251},{\"Id\":258,\"Name\":\"Fat Saturated Quantity Per Serve - Total - NIP\",\"Value\":\"<1.0g\",\"Description\":\"Fat Saturated Quantity Per Serve - Total - NIP\",\"SortOrder\":255},{\"Id\":764,\"Name\":\"Fat Total Quantity Per 100g - Total - NIP\",\"Value\":\"<1.0g\",\"Description\":\"Fat Total Quantity Per 100g - Total - NIP\",\"SortOrder\":263},{\"Id\":166,\"Name\":\"Fat Total Quantity Per 100g - ValueWord - NIP\",\"Value\":\"1.0\",\"Description\":\"Fat Total Quantity Per 100g - ValueWord - NIP\",\"SortOrder\":264},{\"Id\":264,\"Name\":\"Fat Total Quantity Per Serve - Total - NIP\",\"Value\":\"<1.0g\",\"Description\":\"Fat Total Quantity Per Serve - Total - NIP\",\"SortOrder\":267},{\"Id\":443,\"Name\":\"Potassium Quantity Per 100g - Total - NIP\",\"Value\":\"268mg\",\"Description\":\"Potassium Quantity Per 100g - Total - NIP\",\"SortOrder\":575},{\"Id\":493,\"Name\":\"Potassium Quantity Per Serve - Total - NIP\",\"Value\":\"201mg\",\"Description\":\"Potassium Quantity Per Serve - Total - NIP\",\"SortOrder\":579},{\"Id\":878,\"Name\":\"Protein Quantity Per 100g - Total - NIP\",\"Value\":\"4.6g\",\"Description\":\"Protein Quantity Per 100g - Total - NIP\",\"SortOrder\":587},{\"Id\":882,\"Name\":\"Protein Quantity Per Serve - Total - NIP\",\"Value\":\"3.4g\",\"Description\":\"Protein Quantity Per Serve - Total - NIP\",\"SortOrder\":591},{\"Id\":477,\"Name\":\"Serving Size - Total - NIP\",\"Value\":\"75g\",\"Description\":\"Serving Size - Total - NIP\",\"SortOrder\":607},{\"Id\":544,\"Name\":\"Servings Per Pack - Total - NIP\",\"Value\":\"6\",\"Description\":\"Servings Per Pack - Total - NIP\",\"SortOrder\":611},{\"Id\":491,\"Name\":\"Sodium Quantity Per 100g - Total - NIP\",\"Value\":\"<5mg\",\"Description\":\"Sodium Quantity Per 100g - Total - NIP\",\"SortOrder\":623},{\"Id\":495,\"Name\":\"Sodium Quantity Per Serve - Total - NIP\",\"Value\":\"<5mg\",\"Description\":\"Sodium Quantity Per Serve - Total - NIP\",\"SortOrder\":627},{\"Id\":907,\"Name\":\"Sugars Quantity Per 100g - Prefix - NIP\",\"Value\":null,\"Description\":\"Sugars Quantity Per 100g - Prefix - NIP\",\"SortOrder\":645},{\"Id\":908,\"Name\":\"Sugars Quantity Per 100g - SuffixUnits - NIP\",\"Value\":\"g\",\"Description\":\"Sugars Quantity Per 100g - SuffixUnits - NIP\",\"SortOrder\":646},{\"Id\":909,\"Name\":\"Sugars Quantity Per 100g - Total - NIP\",\"Value\":\"4.2g\",\"Description\":\"Sugars Quantity Per 100g - Total - NIP\",\"SortOrder\":647},{\"Id\":910,\"Name\":\"Sugars Quantity Per 100g - ValueWord - NIP\",\"Value\":\"4.2\",\"Description\":\"Sugars Quantity Per 100g - ValueWord - NIP\",\"SortOrder\":648},{\"Id\":504,\"Name\":\"Sugars Quantity Per Serve - Prefix - NIP\",\"Value\":null,\"Description\":\"Sugars Quantity Per Serve - Prefix - NIP\",\"SortOrder\":649},{\"Id\":911,\"Name\":\"Sugars Quantity Per Serve - SuffixUnits - NIP\",\"Value\":\"g\",\"Description\":\"Sugars Quantity Per Serve - SuffixUnits - NIP\",\"SortOrder\":650},{\"Id\":912,\"Name\":\"Sugars Quantity Per Serve - Total - NIP\",\"Value\":\"3.1g\",\"Description\":\"Sugars Quantity Per Serve - Total - NIP\",\"SortOrder\":651},{\"Id\":572,\"Name\":\"Sugars Quantity Per Serve - ValueWord - NIP\",\"Value\":\"3.1\",\"Description\":\"Sugars Quantity Per Serve - ValueWord - NIP\",\"SortOrder\":652}]}",
            "ovencook": "False",
            "vegetarian": "False",
            "hypo-allergenic": null,
            "timer": null,
            "dermatologistrecommended": null,
            "sapdepartmentno": "5",
            "allergencontains": null,
            "waterresistant": null,
            "friendlydisclaimer": null,
            "recyclableinformation": null,
            "usageinstructions": null,
            "freezable": "False"
          },
          "DetailsImagePaths": [
            "https://cdn0.woolworths.media/content/wowproductimages/large/754183.jpg"
          ],
          "Variety": null,
          "Rating": {
            "ReviewCount": 796,
            "RatingCount": 796,
            "RatingSum": 3839,
            "OneStarCount": 0,
            "TwoStarCount": 0,
            "ThreeStarCount": 12,
            "FourStarCount": 117,
            "FiveStarCount": 667,
            "Average": 4.82286432160804,
            "OneStarPercentage": 0,
            "TwoStarPercentage": 0,
            "ThreeStarPercentage": 1.50753768844221,
            "FourStarPercentage": 14.6984924623116,
            "FiveStarPercentage": 83.7939698492462
          },
          "HasProductSubs": false,
          "IsSponsoredAd": false,
          "AdID": null,
          "AdIndex": null,
          "IsMarketProduct": false,
          "IsGiftable": false,
          "Vendor": null,
          "Untraceable": false,
          "ThirdPartyProductInfo": null,
          "MarketFeatures": null,
          "MarketSpecifications": null,
          "SupplyLimitSource": "StockQuantity",
          "Tags": [
            {
              "Content": {
                "Type": "Label",
                "Position": "Top",
                "Attributes": {
                  "Text": "LOW PRICE",
                  "Promotion": "LowPrice",
                  "BackgroundColor": "#c20016",
                  "BorderColor": "#c20016",
                  "TextColor": "#fff"
                }
              },
              "TemplateId": null,
              "Metadata": null
            }
          ],
          "IsPersonalisedByPurchaseHistory": false,
          "IsFromFacetedSearch": false,
          "NextAvailabilityDate": null,
          "NumberOfSubstitutes": 0,
          "IsPrimaryVariant": false,
          "VariantGroupId": 0,
          "HasVariants": false,
          "VariantTitle": null,
          "IsTobacco": false
        }
      ],
      "Name": "Woolworths Australian Baby Peas",
      "DisplayName": "Woolworths Australian Baby Peas 500g"
    },
    {
      "Products": [
        {
          "TileID": 0,
          "Stockcode": 768570,
          "Barcode": "9300633450434",
          "GtinFormat": 13,
          "CupPrice": 4.2,
          "InstoreCupPrice": 4.2,
          "CupMeasure": "1KG",
          "CupString": "$4.20 / 1KG",
          "InstoreCupString": "$4.20 / 1KG",
          "HasCupPrice": true,
          "InstoreHasCupPrice": true,
          "Price": 4.2,
          "InstorePrice": 4.2,
          "Name": "Woolworths Corn Kernels",
          "DisplayName": "Woolworths Corn Kernels 1kg",
          "UrlFriendlyName": "woolworths-corn-kernels",
          "Description": " Woolworths Corn Kernels 1Kg",
          "SmallImageFile": "https://cdn0.woolworths.media/content/wowproductimages/small/768570.jpg",
          "MediumImageFile": "https://cdn0.woolworths.media/content/wowproductimages/medium/768570.jpg",
          "LargeImageFile": "https://cdn0.woolworths.media/content/wowproductimages/large/768570.jpg",
          "IsNew": false,
          "IsHalfPrice": false,
          "IsOnlineOnly": false,
          "IsOnSpecial": false,
          "InstoreIsOnSpecial": false,
          "IsEdrSpecial": false,
          "SavingsAmount": 0,
          "InstoreSavingsAmount": 0,
          "WasPrice": 4.2,
          "InstoreWasPrice": 4.2,
          "QuantityInTrolley": 0,
          "Unit": "Each",
          "MinimumQuantity": 1,
          "HasBeenBoughtBefore": false,
          "IsInTrolley": false,
          "Source": "Aisle.Freezer",
          "SupplyLimit": 32,
          "ProductLimit": 50,
          "MaxSupplyLimitMessage": "32 item(s) left",
          "IsRanged": true,
          "IsInStock": true,
          "PackageSize": "1Kg",
          "IsPmDelivery": true,
          "IsForCollection": true,
          "IsForDelivery": true,
          "IsForExpress": true,
          "ProductRestrictionMessage": null,
          "ProductWarningMessage": null,
          "CentreTag": {
            "TagContent": null,
            "TagLink": null,
            "FallbackText": null,
            "TagType": "None",
            "MultibuyData": null,
            "TagContentText": null,
            "DualImageTagContent": null,
            "PromotionType": "NOT_SET",
            "IsRegisteredRewardCardPromotion": false
          },
          "IsCentreTag": false,
          "ImageTag": {
            "TagContent": null,
            "TagLink": null,
            "FallbackText": "",
            "TagType": "None",
            "MultibuyData": null,
            "TagContentText": null,
            "DualImageTagContent": null,
            "PromotionType": "NOT_SET",
            "IsRegisteredRewardCardPromotion": false
          },
          "HeaderTag": {
            "BackgroundColor": "#c20016",
            "BorderColor": "#c20016",
            "TextColor": "#fff",
            "Content": "LOW PRICE",
            "TagLink": null,
            "Promotion": "LowPrice"
          },
          "HasHeaderTag": true,
          "UnitWeightInGrams": 0,
          "SupplyLimitMessage": "'Woolworths Corn Kernels' has a supply limit of 32. The quantity in your cart has been reduced accordingly. To purchase a larger quantity, please contact us on 1800 000 610. Please note we do not supply trade orders.",
          "SmallFormatDescription": "Woolworths Corn Kernels",
          "FullDescription": "Woolworths Corn Kernels",
          "IsAvailable": true,
          "InstoreIsAvailable": true,
          "IsPurchasable": true,
          "InstoreIsPurchasable": true,
          "AgeRestricted": false,
          "DisplayQuantity": 1,
          "RichDescription": null,
          "HideWasSavedPrice": false,
          "SapCategories": null,
          "Brand": "Woolworths",
          "IsRestrictedByDeliveryMethod": false,
          "FooterTag": {
            "TagContent": "Lower Price Always",
            "TagLink": null,
            "FallbackText": null,
            "TagType": "Html",
            "MultibuyData": null,
            "TagContentText": null,
            "DualImageTagContent": null,
            "PromotionType": "NOT_SET",
            "IsRegisteredRewardCardPromotion": false
          },
          "IsFooterEnabled": true,
          "Diagnostics": "34",
          "IsBundle": false,
          "IsInFamily": false,
          "ChildProducts": null,
          "UrlOverride": null,
          "AdditionalAttributes": {
            "boxedcontents": null,
            "addedvitaminsandminerals": "False",
            "sapdepartmentname": "GROCERIES",
            "spf": null,
            "haircolour": null,
            "lifestyleanddietarystatement": "Gluten Free",
            "sapcategoryname": "FROZEN MEALS",
            "skintype": null,
            "importantinformation": null,
            "allergystatement": "Wheat Free",
            "productdepthmm": null,
            "skincondition": null,
            "ophthalmologistapproved": null,
            "healthstarrating": "5",
            "hairtype": null,
            "fragrance-free": null,
            "sapsegmentname": "CORN KERNELS",
            "suitablefor": null,
            "PiesProductDepartmentsjson": "[{\"Id\":\"1_ACA2FC2\",\"Description\":\"Freezer\"},{\"Id\":\"1_D5A2236\",\"Description\":\"Poultry, Meat & Seafood\"}]",
            "piessubcategorynamesjson": "[\"Corn\",\"Gluten Free\"]",
            "sapsegmentno": "9",
            "productwidthmm": null,
            "contains": null,
            "sapsubcategoryname": "FREEZER - VEGETABLES",
            "dermatologisttested": null,
            "wool_productpackaging": null,
            "dermatologicallyapproved": null,
            "specialsgroupid": null,
            "productimages": "768570.jpg,768570_2.jpg",
            "productheightmm": null,
            "r&r_hidereviews": null,
            "microwavesafe": "False",
            "paba-free": null,
            "lifestyleclaim": null,
            "alcoholfree": null,
            "tgawarning": null,
            "activeconstituents": null,
            "microwaveable": "False",
            "soap-free": null,
            "countryoforigin": null,
            "isexcludedfromsubstitution": "False",
            "productimagecount": "2",
            "r&r_loggedinreviews": null,
            "anti-dandruff": null,
            "servingsize-total-nip": null,
            "tgahealthwarninglink": null,
            "allergenmaybepresent": null,
            "PiesProductDepartmentNodeId": "1_ACA2FC2",
            "parabenfree": "False",
            "vendorarticleid": null,
            "containsgluten": "False",
            "containsnuts": "False",
            "ingredients": "Corn Kernels (100%).",
            "colour": null,
            "manufacturer": null,
            "sapcategoryno": "97",
            "storageinstructions": "Keep frozen at or below -18oC. Once thawed, do not refreeze.",
            "tgawarnings": null,
            "piesdepartmentnamesjson": "[\"Freezer\",\"Poultry, Meat & Seafood\"]",
            "brand": "woolworths",
            "oilfree": null,
            "fragrance": null,
            "antibacterial": "False",
            "non-comedogenic": null,
            "antiseptic": "False",
            "bpafree": "False",
            "vendorcostprice": null,
            "description": "<p>The Woolworths Select range of frozen vegetables are snap frozen to lock in the freshness and flavours - a convenient and nutritious way to enjoy vegetables.</p>",
            "sweatresistant": null,
            "sapsubcategoryno": "103",
            "claims": null,
            "antioxidant": "False",
            "phbalanced": null,
            "wool_dietaryclaim": null,
            "ophthalmologisttested": null,
            "sulfatefree": "False",
            "servingsperpack-total-nip": null,
            "piescategorynamesjson": "[\"Frozen Vegetables\",\"Frozen Gluten Free\"]",
            "nutritionalinformation": "{\"Name\":\"Nutritional Information\",\"Attributes\":[{\"Id\":702,\"Name\":\"Calcium Quantity Per 100g - Total - NIP\",\"Value\":\"7mg\",\"Description\":\"Calcium Quantity Per 100g - Total - NIP\",\"SortOrder\":71},{\"Id\":47,\"Name\":\"Calcium Quantity Per Serve - Total - NIP\",\"Value\":\"5.25mg\",\"Description\":\"Calcium Quantity Per Serve - Total - NIP\",\"SortOrder\":75},{\"Id\":705,\"Name\":\"Carbohydrate Quantity Per 100g - Total - NIP\",\"Value\":\"16.80g\",\"Description\":\"Carbohydrate Quantity Per 100g - Total - NIP\",\"SortOrder\":83},{\"Id\":706,\"Name\":\"Carbohydrate Quantity Per Serve - Total - NIP\",\"Value\":\"12.60g\",\"Description\":\"Carbohydrate Quantity Per Serve - Total - NIP\",\"SortOrder\":87},{\"Id\":191,\"Name\":\"Dietary Fibre Quantity Per 100g - Total - NIP\",\"Value\":\"2.50g\",\"Description\":\"Dietary Fibre Quantity Per 100g - Total - NIP\",\"SortOrder\":175},{\"Id\":120,\"Name\":\"Dietary Fibre Quantity Per Serve - Total - NIP\",\"Value\":\"1.90g\",\"Description\":\"Dietary Fibre Quantity Per Serve - Total - NIP\",\"SortOrder\":179},{\"Id\":759,\"Name\":\"Energy kJ Quantity Per 100g - Total - NIP\",\"Value\":\"390.00kJ\",\"Description\":\"Energy kJ Quantity Per 100g - Total - NIP\",\"SortOrder\":239},{\"Id\":760,\"Name\":\"Energy kJ Quantity Per Serve - Total - NIP\",\"Value\":\"292.00kJ\",\"Description\":\"Energy kJ Quantity Per Serve - Total - NIP\",\"SortOrder\":243},{\"Id\":253,\"Name\":\"Fat Saturated Quantity Per 100g - Total - NIP\",\"Value\":\"<1.00g\",\"Description\":\"Fat Saturated Quantity Per 100g - Total - NIP\",\"SortOrder\":251},{\"Id\":258,\"Name\":\"Fat Saturated Quantity Per Serve - Total - NIP\",\"Value\":\"<0.80g\",\"Description\":\"Fat Saturated Quantity Per Serve - Total - NIP\",\"SortOrder\":255},{\"Id\":764,\"Name\":\"Fat Total Quantity Per 100g - Total - NIP\",\"Value\":\"<1.00g\",\"Description\":\"Fat Total Quantity Per 100g - Total - NIP\",\"SortOrder\":263},{\"Id\":166,\"Name\":\"Fat Total Quantity Per 100g - ValueWord - NIP\",\"Value\":\"1.00\",\"Description\":\"Fat Total Quantity Per 100g - ValueWord - NIP\",\"SortOrder\":264},{\"Id\":264,\"Name\":\"Fat Total Quantity Per Serve - Total - NIP\",\"Value\":\"<0.80g\",\"Description\":\"Fat Total Quantity Per Serve - Total - NIP\",\"SortOrder\":267},{\"Id\":402,\"Name\":\"Monounsaturated Quantity Per 100g - Total - NIP\",\"Value\":\"0.45g\",\"Description\":\"Monounsaturated Quantity Per 100g - Total - NIP\",\"SortOrder\":479},{\"Id\":834,\"Name\":\"Monounsaturated Quantity Per Serve - Total - NIP\",\"Value\":\"0.34g\",\"Description\":\"Monounsaturated Quantity Per Serve - Total - NIP\",\"SortOrder\":483},{\"Id\":434,\"Name\":\"Polyunsaturated Quantity Per 100g - Total - NIP\",\"Value\":\"0.9g\",\"Description\":\"Polyunsaturated Quantity Per 100g - Total - NIP\",\"SortOrder\":563},{\"Id\":435,\"Name\":\"Polyunsaturated Quantity Per Serve - Total - NIP\",\"Value\":\"0.68g\",\"Description\":\"Polyunsaturated Quantity Per Serve - Total - NIP\",\"SortOrder\":567},{\"Id\":443,\"Name\":\"Potassium Quantity Per 100g - Total - NIP\",\"Value\":\"302mg\",\"Description\":\"Potassium Quantity Per 100g - Total - NIP\",\"SortOrder\":575},{\"Id\":493,\"Name\":\"Potassium Quantity Per Serve - Total - NIP\",\"Value\":\"226.5mg\",\"Description\":\"Potassium Quantity Per Serve - Total - NIP\",\"SortOrder\":579},{\"Id\":878,\"Name\":\"Protein Quantity Per 100g - Total - NIP\",\"Value\":\"3.00g\",\"Description\":\"Protein Quantity Per 100g - Total - NIP\",\"SortOrder\":587},{\"Id\":882,\"Name\":\"Protein Quantity Per Serve - Total - NIP\",\"Value\":\"2.20g\",\"Description\":\"Protein Quantity Per Serve - Total - NIP\",\"SortOrder\":591},{\"Id\":477,\"Name\":\"Serving Size - Total - NIP\",\"Value\":\"75.00g\",\"Description\":\"Serving Size - Total - NIP\",\"SortOrder\":607},{\"Id\":544,\"Name\":\"Servings Per Pack - Total - NIP\",\"Value\":\"13.00\",\"Description\":\"Servings Per Pack - Total - NIP\",\"SortOrder\":611},{\"Id\":491,\"Name\":\"Sodium Quantity Per 100g - Total - NIP\",\"Value\":\"5.00mg\",\"Description\":\"Sodium Quantity Per 100g - Total - NIP\",\"SortOrder\":623},{\"Id\":495,\"Name\":\"Sodium Quantity Per Serve - Total - NIP\",\"Value\":\"<4.00mg\",\"Description\":\"Sodium Quantity Per Serve - Total - NIP\",\"SortOrder\":627},{\"Id\":907,\"Name\":\"Sugars Quantity Per 100g - Prefix - NIP\",\"Value\":null,\"Description\":\"Sugars Quantity Per 100g - Prefix - NIP\",\"SortOrder\":645},{\"Id\":908,\"Name\":\"Sugars Quantity Per 100g - SuffixUnits - NIP\",\"Value\":\"g\",\"Description\":\"Sugars Quantity Per 100g - SuffixUnits - NIP\",\"SortOrder\":646},{\"Id\":909,\"Name\":\"Sugars Quantity Per 100g - Total - NIP\",\"Value\":\"3.00g\",\"Description\":\"Sugars Quantity Per 100g - Total - NIP\",\"SortOrder\":647},{\"Id\":910,\"Name\":\"Sugars Quantity Per 100g - ValueWord - NIP\",\"Value\":\"3.00\",\"Description\":\"Sugars Quantity Per 100g - ValueWord - NIP\",\"SortOrder\":648},{\"Id\":504,\"Name\":\"Sugars Quantity Per Serve - Prefix - NIP\",\"Value\":null,\"Description\":\"Sugars Quantity Per Serve - Prefix - NIP\",\"SortOrder\":649},{\"Id\":911,\"Name\":\"Sugars Quantity Per Serve - SuffixUnits - NIP\",\"Value\":\"g\",\"Description\":\"Sugars Quantity Per Serve - SuffixUnits - NIP\",\"SortOrder\":650},{\"Id\":912,\"Name\":\"Sugars Quantity Per Serve - Total - NIP\",\"Value\":\"2.20g\",\"Description\":\"Sugars Quantity Per Serve - Total - NIP\",\"SortOrder\":651},{\"Id\":572,\"Name\":\"Sugars Quantity Per Serve - ValueWord - NIP\",\"Value\":\"2.20\",\"Description\":\"Sugars Quantity Per Serve - ValueWord - NIP\",\"SortOrder\":652},{\"Id\":593,\"Name\":\"Trans Quantity Per 100g - Total - NIP\",\"Value\":\"0.10g\",\"Description\":\"Trans Quantity Per 100g - Total - NIP\",\"SortOrder\":667}]}",
            "ovencook": "False",
            "vegetarian": "False",
            "hypo-allergenic": null,
            "timer": null,
            "dermatologistrecommended": null,
            "sapdepartmentno": "5",
            "allergencontains": null,
            "waterresistant": null,
            "friendlydisclaimer": null,
            "recyclableinformation": null,
            "usageinstructions": null,
            "freezable": "False"
          },
          "DetailsImagePaths": [
            "https://cdn0.woolworths.media/content/wowproductimages/large/768570.jpg"
          ],
          "Variety": "Kernels",
          "Rating": {
            "ReviewCount": 811,
            "RatingCount": 811,
            "RatingSum": 3842,
            "OneStarCount": 2,
            "TwoStarCount": 5,
            "ThreeStarCount": 23,
            "FourStarCount": 144,
            "FiveStarCount": 637,
            "Average": 4.73736128236745,
            "OneStarPercentage": 0.246609124537608,
            "TwoStarPercentage": 0.61652281134402,
            "ThreeStarPercentage": 2.83600493218249,
            "FourStarPercentage": 17.7558569667078,
            "FiveStarPercentage": 78.5450061652281
          },
          "HasProductSubs": false,
          "IsSponsoredAd": false,
          "AdID": null,
          "AdIndex": null,
          "IsMarketProduct": false,
          "IsGiftable": false,
          "Vendor": null,
          "Untraceable": false,
          "ThirdPartyProductInfo": null,
          "MarketFeatures": null,
          "MarketSpecifications": null,
          "SupplyLimitSource": "StockQuantity",
          "Tags": [
            {
              "Content": {
                "Type": "Label",
                "Position": "Top",
                "Attributes": {
                  "Text": "LOW PRICE",
                  "Promotion": "LowPrice",
                  "BackgroundColor": "#c20016",
                  "BorderColor": "#c20016",
                  "TextColor": "#fff"
                }
              },
              "TemplateId": null,
              "Metadata": null
            }
          ],
          "IsPersonalisedByPurchaseHistory": false,
          "IsFromFacetedSearch": false,
          "NextAvailabilityDate": null,
          "NumberOfSubstitutes": 0,
          "IsPrimaryVariant": false,
          "VariantGroupId": 0,
          "HasVariants": false,
          "VariantTitle": null,
          "IsTobacco": false
        }
      ],
      "Name": "Woolworths Corn Kernels",
      "DisplayName": "Woolworths Corn Kernels 1kg"
    },
    {
      "Products": [
        {
          "TileID": 0,
          "Stockcode": 586516,
          "Barcode": "9400597021531",
          "GtinFormat": 13,
          "CupPrice": 11,
          "InstoreCupPrice": 11,
          "CupMeasure": "1KG",
          "CupString": "$11.00 / 1KG",
          "InstoreCupString": "$11.00 / 1KG",
          "HasCupPrice": true,
          "InstoreHasCupPrice": true,
          "Price": 11,
          "InstorePrice": 11,
          "Name": "Woolworths Frozen Blueberries",
          "DisplayName": "Woolworths Frozen Blueberries 1kg",
          "UrlFriendlyName": "woolworths-frozen-blueberries",
          "Description": " Woolworths Frozen<br>Blueberries  1Kg",
          "SmallImageFile": "https://cdn0.woolworths.media/content/wowproductimages/small/586516.jpg",
          "MediumImageFile": "https://cdn0.woolworths.media/content/wowproductimages/medium/586516.jpg",
          "LargeImageFile": "https://cdn0.woolworths.media/content/wowproductimages/large/586516.jpg",
          "IsNew": false,
          "IsHalfPrice": false,
          "IsOnlineOnly": false,
          "IsOnSpecial": false,
          "InstoreIsOnSpecial": false,
          "IsEdrSpecial": false,
          "SavingsAmount": 0,
          "InstoreSavingsAmount": 0,
          "WasPrice": 11,
          "InstoreWasPrice": 11,
          "QuantityInTrolley": 0,
          "Unit": "Each",
          "MinimumQuantity": 1,
          "HasBeenBoughtBefore": false,
          "IsInTrolley": false,
          "Source": "Aisle.Freezer",
          "SupplyLimit": 31,
          "ProductLimit": 50,
          "MaxSupplyLimitMessage": "31 item(s) left",
          "IsRanged": true,
          "IsInStock": true,
          "PackageSize": "1Kg",
          "IsPmDelivery": true,
          "IsForCollection": true,
          "IsForDelivery": true,
          "IsForExpress": true,
          "ProductRestrictionMessage": null,
          "ProductWarningMessage": null,
          "CentreTag": {
            "TagContent": null,
            "TagLink": null,
            "FallbackText": null,
            "TagType": "None",
            "MultibuyData": null,
            "TagContentText": null,
            "DualImageTagContent": null,
            "PromotionType": "NOT_SET",
            "IsRegisteredRewardCardPromotion": false
          },
          "IsCentreTag": false,
          "ImageTag": {
            "TagContent": null,
            "TagLink": null,
            "FallbackText": "",
            "TagType": "None",
            "MultibuyData": null,
            "TagContentText": null,
            "DualImageTagContent": null,
            "PromotionType": "NOT_SET",
            "IsRegisteredRewardCardPromotion": false
          },
          "HeaderTag": {
            "BackgroundColor": "#c20016",
            "BorderColor": "#c20016",
            "TextColor": "#fff",
            "Content": "LOW PRICE",
            "TagLink": null,
            "Promotion": "LowPrice"
          },
          "HasHeaderTag": true,
          "UnitWeightInGrams": 0,
          "SupplyLimitMessage": "'Woolworths Frozen Blueberries' has a supply limit of 31. The quantity in your cart has been reduced accordingly. To purchase a larger quantity, please contact us on 1800 000 610. Please note we do not supply trade orders.",
          "SmallFormatDescription": "Woolworths Frozen Blueberries ",
          "FullDescription": "Woolworths Frozen Blueberries ",
          "IsAvailable": true,
          "InstoreIsAvailable": true,
          "IsPurchasable": true,
          "InstoreIsPurchasable": true,
          "AgeRestricted": false,
          "DisplayQuantity": 1,
          "RichDescription": null,
          "HideWasSavedPrice": false,
          "SapCategories": null,
          "Brand": "Woolworths",
          "IsRestrictedByDeliveryMethod": false,
          "FooterTag": {
            "TagContent": "Lower Price Always",
            "TagLink": null,
            "FallbackText": null,
            "TagType": "Html",
            "MultibuyData": null,
            "TagContentText": null,
            "DualImageTagContent": null,
            "PromotionType": "NOT_SET",
            "IsRegisteredRewardCardPromotion": false
          },
          "IsFooterEnabled": true,
          "Diagnostics": "35",
          "IsBundle": false,
          "IsInFamily": false,
          "ChildProducts": null,
          "UrlOverride": null,
          "AdditionalAttributes": {
            "boxedcontents": null,
            "addedvitaminsandminerals": "False",
            "sapdepartmentname": "GROCERIES",
            "spf": null,
            "haircolour": null,
            "lifestyleanddietarystatement": "Vegan",
            "sapcategoryname": "FREEZER - DESSERTS & PASTRY",
            "skintype": null,
            "importantinformation": null,
            "allergystatement": "Wheat Free",
            "productdepthmm": null,
            "skincondition": null,
            "ophthalmologistapproved": null,
            "healthstarrating": "5",
            "hairtype": null,
            "fragrance-free": null,
            "sapsegmentname": "FRUIT OVER 500G",
            "suitablefor": null,
            "PiesProductDepartmentsjson": "[{\"Id\":\"1_ACA2FC2\",\"Description\":\"Freezer\"}]",
            "piessubcategorynamesjson": "[\"Gluten Free\",\"Berries & Tropical\"]",
            "sapsegmentno": "2",
            "productwidthmm": null,
            "contains": null,
            "sapsubcategoryname": "FREEZER - FRUIT",
            "dermatologisttested": null,
            "wool_productpackaging": null,
            "dermatologicallyapproved": null,
            "specialsgroupid": null,
            "productimages": "586516.jpg",
            "productheightmm": null,
            "r&r_hidereviews": null,
            "microwavesafe": "False",
            "paba-free": null,
            "lifestyleclaim": null,
            "alcoholfree": null,
            "tgawarning": null,
            "activeconstituents": null,
            "microwaveable": "False",
            "soap-free": null,
            "countryoforigin": null,
            "isexcludedfromsubstitution": "False",
            "productimagecount": "1",
            "r&r_loggedinreviews": null,
            "anti-dandruff": null,
            "servingsize-total-nip": null,
            "tgahealthwarninglink": null,
            "allergenmaybepresent": null,
            "PiesProductDepartmentNodeId": "1_ACA2FC2",
            "parabenfree": "False",
            "vendorarticleid": null,
            "containsgluten": "False",
            "containsnuts": "False",
            "ingredients": "Blueberries",
            "colour": null,
            "manufacturer": null,
            "sapcategoryno": "98",
            "storageinstructions": "Keep Frozen",
            "tgawarnings": null,
            "piesdepartmentnamesjson": "[\"Freezer\"]",
            "brand": "woolworths",
            "oilfree": null,
            "fragrance": null,
            "antibacterial": "False",
            "non-comedogenic": null,
            "antiseptic": "False",
            "bpafree": "False",
            "vendorcostprice": null,
            "description": "Source of fibre for healthy digestion (1) Fruit a Day: 1 cup = 1 serve of fruit (1) (1) As part of a healthy balanced diet. One serve of fruit is equal to approximately 150g fruit. Australian Dietary Guidelines recommend 2 serves of fruit per day.",
            "sweatresistant": null,
            "sapsubcategoryno": "15",
            "claims": null,
            "antioxidant": "False",
            "phbalanced": null,
            "wool_dietaryclaim": null,
            "ophthalmologisttested": null,
            "sulfatefree": "False",
            "servingsperpack-total-nip": null,
            "piescategorynamesjson": "[\"Frozen Gluten Free\",\"Frozen Fruit\"]",
            "nutritionalinformation": "{\"Name\":\"Nutritional Information\",\"Attributes\":[{\"Id\":705,\"Name\":\"Carbohydrate Quantity Per 100g - Total - NIP\",\"Value\":\"9.90g\",\"Description\":\"Carbohydrate Quantity Per 100g - Total - NIP\",\"SortOrder\":83},{\"Id\":706,\"Name\":\"Carbohydrate Quantity Per Serve - Total - NIP\",\"Value\":\"14.80g\",\"Description\":\"Carbohydrate Quantity Per Serve - Total - NIP\",\"SortOrder\":87},{\"Id\":191,\"Name\":\"Dietary Fibre Quantity Per 100g - Total - NIP\",\"Value\":\"3.60g\",\"Description\":\"Dietary Fibre Quantity Per 100g - Total - NIP\",\"SortOrder\":175},{\"Id\":120,\"Name\":\"Dietary Fibre Quantity Per Serve - Total - NIP\",\"Value\":\"5.40g\",\"Description\":\"Dietary Fibre Quantity Per Serve - Total - NIP\",\"SortOrder\":179},{\"Id\":759,\"Name\":\"Energy kJ Quantity Per 100g - Total - NIP\",\"Value\":\"206.00kJ\",\"Description\":\"Energy kJ Quantity Per 100g - Total - NIP\",\"SortOrder\":239},{\"Id\":760,\"Name\":\"Energy kJ Quantity Per Serve - Total - NIP\",\"Value\":\"309.00kJ\",\"Description\":\"Energy kJ Quantity Per Serve - Total - NIP\",\"SortOrder\":243},{\"Id\":253,\"Name\":\"Fat Saturated Quantity Per 100g - Total - NIP\",\"Value\":\"1.00g\",\"Description\":\"Fat Saturated Quantity Per 100g - Total - NIP\",\"SortOrder\":251},{\"Id\":258,\"Name\":\"Fat Saturated Quantity Per Serve - Total - NIP\",\"Value\":\"1.50g\",\"Description\":\"Fat Saturated Quantity Per Serve - Total - NIP\",\"SortOrder\":255},{\"Id\":764,\"Name\":\"Fat Total Quantity Per 100g - Total - NIP\",\"Value\":\"1.00g\",\"Description\":\"Fat Total Quantity Per 100g - Total - NIP\",\"SortOrder\":263},{\"Id\":166,\"Name\":\"Fat Total Quantity Per 100g - ValueWord - NIP\",\"Value\":\"1.00\",\"Description\":\"Fat Total Quantity Per 100g - ValueWord - NIP\",\"SortOrder\":264},{\"Id\":264,\"Name\":\"Fat Total Quantity Per Serve - Total - NIP\",\"Value\":\"1.50g\",\"Description\":\"Fat Total Quantity Per Serve - Total - NIP\",\"SortOrder\":267},{\"Id\":878,\"Name\":\"Protein Quantity Per 100g - Total - NIP\",\"Value\":\"1.00g\",\"Description\":\"Protein Quantity Per 100g - Total - NIP\",\"SortOrder\":587},{\"Id\":882,\"Name\":\"Protein Quantity Per Serve - Total - NIP\",\"Value\":\"1.50g\",\"Description\":\"Protein Quantity Per Serve - Total - NIP\",\"SortOrder\":591},{\"Id\":477,\"Name\":\"Serving Size - Total - NIP\",\"Value\":\"150.00g\",\"Description\":\"Serving Size - Total - NIP\",\"SortOrder\":607},{\"Id\":544,\"Name\":\"Servings Per Pack - Total - NIP\",\"Value\":\"6.00\",\"Description\":\"Servings Per Pack - Total - NIP\",\"SortOrder\":611},{\"Id\":491,\"Name\":\"Sodium Quantity Per 100g - Total - NIP\",\"Value\":\"5.00mg\",\"Description\":\"Sodium Quantity Per 100g - Total - NIP\",\"SortOrder\":623},{\"Id\":495,\"Name\":\"Sodium Quantity Per Serve - Total - NIP\",\"Value\":\"8.00mg\",\"Description\":\"Sodium Quantity Per Serve - Total - NIP\",\"SortOrder\":627},{\"Id\":907,\"Name\":\"Sugars Quantity Per 100g - Prefix - NIP\",\"Value\":\"Approx.\",\"Description\":\"Sugars Quantity Per 100g - Prefix - NIP\",\"SortOrder\":645},{\"Id\":908,\"Name\":\"Sugars Quantity Per 100g - SuffixUnits - NIP\",\"Value\":\"g\",\"Description\":\"Sugars Quantity Per 100g - SuffixUnits - NIP\",\"SortOrder\":646},{\"Id\":909,\"Name\":\"Sugars Quantity Per 100g - Total - NIP\",\"Value\":\"9.50g\",\"Description\":\"Sugars Quantity Per 100g - Total - NIP\",\"SortOrder\":647},{\"Id\":910,\"Name\":\"Sugars Quantity Per 100g - ValueWord - NIP\",\"Value\":\"9.50\",\"Description\":\"Sugars Quantity Per 100g - ValueWord - NIP\",\"SortOrder\":648},{\"Id\":504,\"Name\":\"Sugars Quantity Per Serve - Prefix - NIP\",\"Value\":\"Approx.\",\"Description\":\"Sugars Quantity Per Serve - Prefix - NIP\",\"SortOrder\":649},{\"Id\":911,\"Name\":\"Sugars Quantity Per Serve - SuffixUnits - NIP\",\"Value\":\"g\",\"Description\":\"Sugars Quantity Per Serve - SuffixUnits - NIP\",\"SortOrder\":650},{\"Id\":912,\"Name\":\"Sugars Quantity Per Serve - Total - NIP\",\"Value\":\"14.20g\",\"Description\":\"Sugars Quantity Per Serve - Total - NIP\",\"SortOrder\":651},{\"Id\":572,\"Name\":\"Sugars Quantity Per Serve - ValueWord - NIP\",\"Value\":\"14.20\",\"Description\":\"Sugars Quantity Per Serve - ValueWord - NIP\",\"SortOrder\":652}]}",
            "ovencook": "False",
            "vegetarian": "False",
            "hypo-allergenic": null,
            "timer": null,
            "dermatologistrecommended": null,
            "sapdepartmentno": "5",
            "allergencontains": null,
            "waterresistant": null,
            "friendlydisclaimer": null,
            "recyclableinformation": null,
            "usageinstructions": null,
            "freezable": "False"
          },
          "DetailsImagePaths": [
            "https://cdn0.woolworths.media/content/wowproductimages/large/586516.jpg"
          ],
          "Variety": null,
          "Rating": {
            "ReviewCount": 647,
            "RatingCount": 647,
            "RatingSum": 3103,
            "OneStarCount": 4,
            "TwoStarCount": 6,
            "ThreeStarCount": 10,
            "FourStarCount": 78,
            "FiveStarCount": 549,
            "Average": 4.79598145285935,
            "OneStarPercentage": 0.618238021638331,
            "TwoStarPercentage": 0.927357032457496,
            "ThreeStarPercentage": 1.54559505409583,
            "FourStarPercentage": 12.0556414219474,
            "FiveStarPercentage": 84.8531684698609
          },
          "HasProductSubs": false,
          "IsSponsoredAd": false,
          "AdID": null,
          "AdIndex": null,
          "IsMarketProduct": false,
          "IsGiftable": false,
          "Vendor": null,
          "Untraceable": false,
          "ThirdPartyProductInfo": null,
          "MarketFeatures": null,
          "MarketSpecifications": null,
          "SupplyLimitSource": "StockQuantity",
          "Tags": [
            {
              "Content": {
                "Type": "Label",
                "Position": "Top",
                "Attributes": {
                  "Text": "LOW PRICE",
                  "Promotion": "LowPrice",
                  "BackgroundColor": "#c20016",
                  "BorderColor": "#c20016",
                  "TextColor": "#fff"
                }
              },
              "TemplateId": null,
              "Metadata": null
            }
          ],
          "IsPersonalisedByPurchaseHistory": false,
          "IsFromFacetedSearch": false,
          "NextAvailabilityDate": null,
          "NumberOfSubstitutes": 0,
          "IsPrimaryVariant": false,
          "VariantGroupId": 0,
          "HasVariants": false,
          "VariantTitle": null,
          "IsTobacco": false
        }
      ],
      "Name": "Woolworths Frozen Blueberries",
      "DisplayName": "Woolworths Frozen Blueberries 1kg"
    }
  ],
  "TotalRecordCount": 115,
  "UpperDynamicContent": null,
  "LowerDynamicContent": null,
  "RichRelevancePlacement": {
    "placement_name": null,
    "message": null,
    "Products": [],
    "Items": [],
    "StockcodesForDiscover": []
  },
  "Aggregations": [
    {
      "Name": "SoldBy",
      "DisplayName": "Sold By",
      "Type": "Multi",
      "FilterType": "Term",
      "FilterDataType": "String",
      "Results": [
        {
          "Name": "Woolworths",
          "Term": "Woolworths",
          "ExtraOutputFields": {},
          "Min": null,
          "Max": null,
          "Applied": false,
          "Count": 115,
          "Statement": "Items sold and shipped by Woolworths",
          "DisplayCoachMarks": false
        }
      ],
      "ResultsGrouped": null,
      "State": "Closed",
      "Rank": 1,
      "AdditionalResults": false,
      "DesignType": "Default",
      "ShowFilter": true,
      "Statement": "<div style=\"font-size:14px; line-height:20px; color:#3A474E; margin-bottom:8px;\">Everyday Market items are sold by our Everyday Market partners, and are not sold by Woolworths, and are shipped separately from your Woolworths items.</div><div style=\"font-size:14px; line-height:20px; color:#3A474E; margin-bottom:28px;\"><a style=\"padding-top:8px;\" href=\"https://www.woolworths.com.au/shop/discover/everyday-market\" target =\"_blank\">Learn more <i aria-hidden=\"true\" class=\"iconAct-External_Link\"></i></a></div>",
      "DisplayCoachMarks": false,
      "DisplayIcons": true
    },
    {
      "Name": "Brand",
      "DisplayName": "Brand",
      "Type": "Multi",
      "FilterType": "Term",
      "FilterDataType": "String",
      "Results": null,
      "ResultsGrouped": [
        {
          "Alphabet": "0-9",
          "Filters": []
        },
        {
          "Alphabet": "A",
          "Filters": []
        },
        {
          "Alphabet": "B",
          "Filters": [
            {
              "Name": "Bell Farms",
              "Term": "Bell Farms",
              "ExtraOutputFields": {},
              "Min": null,
              "Max": null,
              "Applied": false,
              "Count": 7,
              "Statement": null,
              "DisplayCoachMarks": false
            },
            {
              "Name": "Birds Eye",
              "Term": "Birds Eye",
              "ExtraOutputFields": {},
              "Min": null,
              "Max": null,
              "Applied": false,
              "Count": 19,
              "Statement": null,
              "DisplayCoachMarks": false
            }
          ]
        },
        {
          "Alphabet": "C",
          "Filters": [
            {
              "Name": "Creative Gourmet",
              "Term": "Creative Gourmet",
              "ExtraOutputFields": {},
              "Min": null,
              "Max": null,
              "Applied": false,
              "Count": 3,
              "Statement": null,
              "DisplayCoachMarks": false
            }
          ]
        },
        {
          "Alphabet": "D",
          "Filters": []
        },
        {
          "Alphabet": "E",
          "Filters": [
            {
              "Name": "Essentials",
              "Term": "Essentials",
              "ExtraOutputFields": {},
              "Min": null,
              "Max": null,
              "Applied": false,
              "Count": 6,
              "Statement": null,
              "DisplayCoachMarks": false
            }
          ]
        },
        {
          "Alphabet": "F",
          "Filters": []
        },
        {
          "Alphabet": "G",
          "Filters": []
        },
        {
          "Alphabet": "H",
          "Filters": [
            {
              "Name": "Heinz",
              "Term": "Heinz",
              "ExtraOutputFields": {},
              "Min": null,
              "Max": null,
              "Applied": false,
              "Count": 4,
              "Statement": null,
              "DisplayCoachMarks": false
            }
          ]
        },
        {
          "Alphabet": "I",
          "Filters": []
        },
        {
          "Alphabet": "J",
          "Filters": []
        },
        {
          "Alphabet": "K",
          "Filters": []
        },
        {
          "Alphabet": "L",
          "Filters": []
        },
        {
          "Alphabet": "M",
          "Filters": [
            {
              "Name": "Macro",
              "Term": "Macro",
              "ExtraOutputFields": {},
              "Min": null,
              "Max": null,
              "Applied": false,
              "Count": 9,
              "Statement": null,
              "DisplayCoachMarks": false
            },
            {
              "Name": "McCain",
              "Term": "McCain",
              "ExtraOutputFields": {},
              "Min": null,
              "Max": null,
              "Applied": false,
              "Count": 20,
              "Statement": null,
              "DisplayCoachMarks": false
            }
          ]
        },
        {
          "Alphabet": "N",
          "Filters": []
        },
        {
          "Alphabet": "O",
          "Filters": [
            {
              "Name": "Ocean Chef",
              "Term": "Ocean Chef",
              "ExtraOutputFields": {},
              "Min": null,
              "Max": null,
              "Applied": false,
              "Count": 1,
              "Statement": null,
              "DisplayCoachMarks": false
            }
          ]
        },
        {
          "Alphabet": "P",
          "Filters": [
            {
              "Name": "Prep Set Go",
              "Term": "Prep Set Go",
              "ExtraOutputFields": {},
              "Min": null,
              "Max": null,
              "Applied": false,
              "Count": 1,
              "Statement": null,
              "DisplayCoachMarks": false
            }
          ]
        },
        {
          "Alphabet": "Q",
          "Filters": [
            {
              "Name": "Quorn",
              "Term": "Quorn",
              "ExtraOutputFields": {},
              "Min": null,
              "Max": null,
              "Applied": false,
              "Count": 2,
              "Statement": null,
              "DisplayCoachMarks": false
            }
          ]
        },
        {
          "Alphabet": "R",
          "Filters": []
        },
        {
          "Alphabet": "S",
          "Filters": []
        },
        {
          "Alphabet": "T",
          "Filters": [
            {
              "Name": "Twisted",
              "Term": "Twisted",
              "ExtraOutputFields": {},
              "Min": null,
              "Max": null,
              "Applied": false,
              "Count": 7,
              "Statement": null,
              "DisplayCoachMarks": false
            }
          ]
        },
        {
          "Alphabet": "U",
          "Filters": []
        },
        {
          "Alphabet": "V",
          "Filters": []
        },
        {
          "Alphabet": "W",
          "Filters": [
            {
              "Name": "Woolworths",
              "Term": "Woolworths",
              "ExtraOutputFields": {},
              "Min": null,
              "Max": null,
              "Applied": false,
              "Count": 35,
              "Statement": null,
              "DisplayCoachMarks": false
            }
          ]
        },
        {
          "Alphabet": "X",
          "Filters": []
        },
        {
          "Alphabet": "Y",
          "Filters": []
        },
        {
          "Alphabet": "Z",
          "Filters": []
        }
      ],
      "State": "Closed",
      "Rank": 1,
      "AdditionalResults": false,
      "DesignType": "Default",
      "ShowFilter": true,
      "Statement": null,
      "DisplayCoachMarks": false,
      "DisplayIcons": false
    },
    {
      "Name": "Allergens",
      "DisplayName": "Allergens",
      "Type": "Multi",
      "FilterType": "Term",
      "FilterDataType": "String",
      "Results": null,
      "ResultsGrouped": [
        {
          "Alphabet": "0-9",
          "Filters": []
        },
        {
          "Alphabet": "A",
          "Filters": []
        },
        {
          "Alphabet": "B",
          "Filters": []
        },
        {
          "Alphabet": "C",
          "Filters": []
        },
        {
          "Alphabet": "D",
          "Filters": [
            {
              "Name": "Dairy Free",
              "Term": "Dairy Free",
              "ExtraOutputFields": {},
              "Min": null,
              "Max": null,
              "Applied": false,
              "Count": 100,
              "Statement": null,
              "DisplayCoachMarks": false
            }
          ]
        },
        {
          "Alphabet": "E",
          "Filters": [
            {
              "Name": "Egg Free",
              "Term": "Egg Free",
              "ExtraOutputFields": {},
              "Min": null,
              "Max": null,
              "Applied": false,
              "Count": 103,
              "Statement": null,
              "DisplayCoachMarks": false
            }
          ]
        },
        {
          "Alphabet": "F",
          "Filters": [
            {
              "Name": "Fish Free",
              "Term": "Fish Free",
              "ExtraOutputFields": {},
              "Min": null,
              "Max": null,
              "Applied": false,
              "Count": 104,
              "Statement": null,
              "DisplayCoachMarks": false
            }
          ]
        },
        {
          "Alphabet": "G",
          "Filters": [
            {
              "Name": "Gluten Free",
              "Term": "Gluten Free",
              "ExtraOutputFields": {},
              "Min": null,
              "Max": null,
              "Applied": false,
              "Count": 94,
              "Statement": null,
              "DisplayCoachMarks": false
            }
          ]
        },
        {
          "Alphabet": "H",
          "Filters": []
        },
        {
          "Alphabet": "I",
          "Filters": []
        },
        {
          "Alphabet": "J",
          "Filters": []
        },
        {
          "Alphabet": "K",
          "Filters": []
        },
        {
          "Alphabet": "L",
          "Filters": [
            {
              "Name": "Lactose Free",
              "Term": "Lactose Free",
              "ExtraOutputFields": {},
              "Min": null,
              "Max": null,
              "Applied": false,
              "Count": 100,
              "Statement": null,
              "DisplayCoachMarks": false
            }
          ]
        },
        {
          "Alphabet": "M",
          "Filters": []
        },
        {
          "Alphabet": "N",
          "Filters": [
            {
              "Name": "No Artificial Colours or Flavours",
              "Term": "No Artificial Colours or Flavours",
              "ExtraOutputFields": {},
              "Min": null,
              "Max": null,
              "Applied": false,
              "Count": 83,
              "Statement": null,
              "DisplayCoachMarks": false
            },
            {
              "Name": "No Artificial Preservatives",
              "Term": "No Artificial Preservatives",
              "ExtraOutputFields": {},
              "Min": null,
              "Max": null,
              "Applied": false,
              "Count": 83,
              "Statement": null,
              "DisplayCoachMarks": false
            }
          ]
        },
        {
          "Alphabet": "O",
          "Filters": []
        },
        {
          "Alphabet": "P",
          "Filters": []
        },
        {
          "Alphabet": "Q",
          "Filters": []
        },
        {
          "Alphabet": "R",
          "Filters": []
        },
        {
          "Alphabet": "S",
          "Filters": [
            {
              "Name": "Soy Free",
              "Term": "Soy Free",
              "ExtraOutputFields": {},
              "Min": null,
              "Max": null,
              "Applied": false,
              "Count": 101,
              "Statement": null,
              "DisplayCoachMarks": false
            }
          ]
        },
        {
          "Alphabet": "T",
          "Filters": []
        },
        {
          "Alphabet": "U",
          "Filters": []
        },
        {
          "Alphabet": "V",
          "Filters": []
        },
        {
          "Alphabet": "W",
          "Filters": [
            {
              "Name": "Wheat Free",
              "Term": "Wheat Free",
              "ExtraOutputFields": {},
              "Min": null,
              "Max": null,
              "Applied": false,
              "Count": 100,
              "Statement": null,
              "DisplayCoachMarks": false
            }
          ]
        },
        {
          "Alphabet": "X",
          "Filters": []
        },
        {
          "Alphabet": "Y",
          "Filters": []
        },
        {
          "Alphabet": "Z",
          "Filters": []
        }
      ],
      "State": "Closed",
      "Rank": 1,
      "AdditionalResults": false,
      "DesignType": "Default",
      "ShowFilter": true,
      "Statement": "<div style=\"display:flex; flex-direction:row; align-items:flex-start; padding:16px; gap:16px; border-radius:8px; background-color:rgb(237, 245, 250); margin-bottom: 20px;\"><i style=\"display: flex;\" class=\"iconNoti-Info_Circle_Filled hide-in-mobile\" aria-label=\"information\"><i class=\"path1 icon\"></i> <i class=\"path2 icon\"></i><i class=\"path3 icon\"></i></i><div><p class=\"hide-in-mobile\" style=\"font-weight: 500; font-size: 14px; line-height: 20px; color: rgba(58, 71, 78); align-self: stretch; margin-bottom: 8px;\">This list is a guide only</p><span style=\"font-weight: 400; font-size: 14px; line-height: 20px;\">Please always check the product label or enquire with the manufacturer before consuming.<br><a aria-label=\"Learn about our filters curated by SpoonGuru, This opens a new tab\" href=\"https://www.woolworths.com.au/shop/discover/healthy-eating/allergies-and-intolerances/filters\" target=\"_blank\">Learn about our filters  <i aria-hidden=\"true\" class=\"iconAct-External_Link\"></i></a></span></div><div style=\"align-items: top;\" aria-label=\"Powered by Spoon Guru\"><img aria-hidden=\"true\" class=\"hide-in-mobile\" src=\"https://uatcdn0.woolworths.media/wowssr/a10/browser/assets/images/search/spoon-guru.png\" alt=\"Powered by Spoon Guru\" style=\"height: 24px; width: 66px; display: block;\"/></div></div>",
      "DisplayCoachMarks": false,
      "DisplayIcons": false
    },
    {
      "Name": "Lifestyle",
      "DisplayName": "Dietary and Lifestyle",
      "Type": "Multi",
      "FilterType": "Term",
      "FilterDataType": "String",
      "Results": null,
      "ResultsGrouped": [
        {
          "Alphabet": "0-9",
          "Filters": []
        },
        {
          "Alphabet": "A",
          "Filters": []
        },
        {
          "Alphabet": "B",
          "Filters": []
        },
        {
          "Alphabet": "C",
          "Filters": []
        },
        {
          "Alphabet": "D",
          "Filters": []
        },
        {
          "Alphabet": "E",
          "Filters": []
        },
        {
          "Alphabet": "F",
          "Filters": []
        },
        {
          "Alphabet": "G",
          "Filters": [
            {
              "Name": "Gluten Free",
              "Term": "Gluten Free",
              "ExtraOutputFields": {},
              "Min": null,
              "Max": null,
              "Applied": false,
              "Count": 94,
              "Statement": null,
              "DisplayCoachMarks": false
            }
          ]
        },
        {
          "Alphabet": "H",
          "Filters": [
            {
              "Name": "High Fibre",
              "Term": "High Fibre",
              "ExtraOutputFields": {},
              "Min": null,
              "Max": null,
              "Applied": false,
              "Count": 22,
              "Statement": null,
              "DisplayCoachMarks": false
            },
            {
              "Name": "High Protein",
              "Term": "High Protein",
              "ExtraOutputFields": {},
              "Min": null,
              "Max": null,
              "Applied": false,
              "Count": 7,
              "Statement": null,
              "DisplayCoachMarks": false
            }
          ]
        },
        {
          "Alphabet": "I",
          "Filters": []
        },
        {
          "Alphabet": "J",
          "Filters": []
        },
        {
          "Alphabet": "K",
          "Filters": []
        },
        {
          "Alphabet": "L",
          "Filters": [
            {
              "Name": "Low Fat",
              "Term": "Low Fat",
              "ExtraOutputFields": {},
              "Min": null,
              "Max": null,
              "Applied": false,
              "Count": 94,
              "Statement": null,
              "DisplayCoachMarks": false
            },
            {
              "Name": "Low Salt",
              "Term": "Low Salt",
              "ExtraOutputFields": {},
              "Min": null,
              "Max": null,
              "Applied": false,
              "Count": 106,
              "Statement": null,
              "DisplayCoachMarks": false
            },
            {
              "Name": "Low Saturated Fat",
              "Term": "Low Saturated Fat",
              "ExtraOutputFields": {},
              "Min": null,
              "Max": null,
              "Applied": false,
              "Count": 42,
              "Statement": null,
              "DisplayCoachMarks": false
            },
            {
              "Name": "Low Sugar",
              "Term": "Low Sugar",
              "ExtraOutputFields": {},
              "Min": null,
              "Max": null,
              "Applied": false,
              "Count": 80,
              "Statement": null,
              "DisplayCoachMarks": false
            }
          ]
        },
        {
          "Alphabet": "M",
          "Filters": []
        },
        {
          "Alphabet": "N",
          "Filters": []
        },
        {
          "Alphabet": "O",
          "Filters": [
            {
              "Name": "Organic",
              "Term": "Organic",
              "ExtraOutputFields": {},
              "Min": null,
              "Max": null,
              "Applied": false,
              "Count": 9,
              "Statement": null,
              "DisplayCoachMarks": false
            }
          ]
        },
        {
          "Alphabet": "P",
          "Filters": []
        },
        {
          "Alphabet": "Q",
          "Filters": []
        },
        {
          "Alphabet": "R",
          "Filters": []
        },
        {
          "Alphabet": "S",
          "Filters": [
            {
              "Name": "Source of Fibre",
              "Term": "Source of Fibre",
              "ExtraOutputFields": {},
              "Min": null,
              "Max": null,
              "Applied": false,
              "Count": 81,
              "Statement": null,
              "DisplayCoachMarks": false
            },
            {
              "Name": "Source of Protein",
              "Term": "Source of Protein",
              "ExtraOutputFields": {},
              "Min": null,
              "Max": null,
              "Applied": false,
              "Count": 17,
              "Statement": null,
              "DisplayCoachMarks": false
            }
          ]
        },
        {
          "Alphabet": "T",
          "Filters": []
        },
        {
          "Alphabet": "U",
          "Filters": []
        },
        {
          "Alphabet": "V",
          "Filters": [
            {
              "Name": "Vegan",
              "Term": "Vegan",
              "ExtraOutputFields": {},
              "Min": null,
              "Max": null,
              "Applied": false,
              "Count": 96,
              "Statement": null,
              "DisplayCoachMarks": false
            },
            {
              "Name": "Vegetarian",
              "Term": "Vegetarian",
              "ExtraOutputFields": {},
              "Min": null,
              "Max": null,
              "Applied": false,
              "Count": 98,
              "Statement": null,
              "DisplayCoachMarks": false
            }
          ]
        },
        {
          "Alphabet": "W",
          "Filters": []
        },
        {
          "Alphabet": "X",
          "Filters": []
        },
        {
          "Alphabet": "Y",
          "Filters": []
        },
        {
          "Alphabet": "Z",
          "Filters": []
        }
      ],
      "State": "Closed",
      "Rank": 1,
      "AdditionalResults": false,
      "DesignType": "Default",
      "ShowFilter": true,
      "Statement": "<div style=\"display:flex; flex-direction:row; align-items:flex-start; padding:16px; gap:16px; border-radius:8px; background-color:rgb(237, 245, 250); margin-bottom: 20px;\"><i style=\"display: flex;\" class=\"iconNoti-Info_Circle_Filled hide-in-mobile\" aria-label=\"information\"><i class=\"path1 icon\"></i> <i class=\"path2 icon\"></i><i class=\"path3 icon\"></i></i><div><p class=\"hide-in-mobile\" style=\"font-weight: 500; font-size: 14px; line-height: 20px; color: rgba(58, 71, 78); align-self: stretch; margin-bottom: 8px;\">This list is a guide only</p><span style=\"font-weight: 400; font-size: 14px; line-height: 20px;\">Please always check the product label or enquire with the manufacturer before consuming.<br><a aria-label=\"Learn about our filters curated by SpoonGuru, This opens a new tab\" href=\"https://www.woolworths.com.au/shop/discover/healthy-eating/allergies-and-intolerances/filters\" target=\"_blank\">Learn about our filters  <i aria-hidden=\"true\" class=\"iconAct-External_Link\"></i></a></span></div><div style=\"align-items: top;\" aria-label=\"Powered by Spoon Guru\"><img aria-hidden=\"true\" class=\"hide-in-mobile\" src=\"https://uatcdn0.woolworths.media/wowssr/a10/browser/assets/images/search/spoon-guru.png\" alt=\"Powered by Spoon Guru\" style=\"height: 24px; width: 66px; display: block;\"/></div></div>",
      "DisplayCoachMarks": false,
      "DisplayIcons": false
    },
    {
      "Name": "Healthstar",
      "DisplayName": "Health Star Rating",
      "Type": "Multi",
      "FilterType": "Term",
      "FilterDataType": "String",
      "Results": null,
      "ResultsGrouped": [
        {
          "Alphabet": "0-9",
          "Filters": [
            {
              "Name": "0.5",
              "Term": "0.5",
              "ExtraOutputFields": {},
              "Min": null,
              "Max": null,
              "Applied": false,
              "Count": 4,
              "Statement": null,
              "DisplayCoachMarks": false
            },
            {
              "Name": "1",
              "Term": "1",
              "ExtraOutputFields": {},
              "Min": null,
              "Max": null,
              "Applied": false,
              "Count": 20,
              "Statement": null,
              "DisplayCoachMarks": false
            },
            {
              "Name": "1.5",
              "Term": "1.5",
              "ExtraOutputFields": {},
              "Min": null,
              "Max": null,
              "Applied": false,
              "Count": 22,
              "Statement": null,
              "DisplayCoachMarks": false
            },
            {
              "Name": "2",
              "Term": "2",
              "ExtraOutputFields": {},
              "Min": null,
              "Max": null,
              "Applied": false,
              "Count": 52,
              "Statement": null,
              "DisplayCoachMarks": false
            },
            {
              "Name": "2.5",
              "Term": "2.5",
              "ExtraOutputFields": {},
              "Min": null,
              "Max": null,
              "Applied": false,
              "Count": 23,
              "Statement": null,
              "DisplayCoachMarks": false
            },
            {
              "Name": "3",
              "Term": "3",
              "ExtraOutputFields": {},
              "Min": null,
              "Max": null,
              "Applied": false,
              "Count": 79,
              "Statement": null,
              "DisplayCoachMarks": false
            },
            {
              "Name": "3.5",
              "Term": "3.5",
              "ExtraOutputFields": {},
              "Min": null,
              "Max": null,
              "Applied": false,
              "Count": 112,
              "Statement": null,
              "DisplayCoachMarks": false
            },
            {
              "Name": "4",
              "Term": "4",
              "ExtraOutputFields": {},
              "Min": null,
              "Max": null,
              "Applied": false,
              "Count": 104,
              "Statement": null,
              "DisplayCoachMarks": false
            },
            {
              "Name": "4.5",
              "Term": "4.5",
              "ExtraOutputFields": {},
              "Min": null,
              "Max": null,
              "Applied": true,
              "Count": 29,
              "Statement": null,
              "DisplayCoachMarks": false
            },
            {
              "Name": "5",
              "Term": "5",
              "ExtraOutputFields": {},
              "Min": null,
              "Max": null,
              "Applied": true,
              "Count": 86,
              "Statement": null,
              "DisplayCoachMarks": false
            }
          ]
        },
        {
          "Alphabet": "A",
          "Filters": []
        },
        {
          "Alphabet": "B",
          "Filters": []
        },
        {
          "Alphabet": "C",
          "Filters": []
        },
        {
          "Alphabet": "D",
          "Filters": []
        },
        {
          "Alphabet": "E",
          "Filters": []
        },
        {
          "Alphabet": "F",
          "Filters": []
        },
        {
          "Alphabet": "G",
          "Filters": []
        },
        {
          "Alphabet": "H",
          "Filters": []
        },
        {
          "Alphabet": "I",
          "Filters": []
        },
        {
          "Alphabet": "J",
          "Filters": []
        },
        {
          "Alphabet": "K",
          "Filters": []
        },
        {
          "Alphabet": "L",
          "Filters": []
        },
        {
          "Alphabet": "M",
          "Filters": []
        },
        {
          "Alphabet": "N",
          "Filters": []
        },
        {
          "Alphabet": "O",
          "Filters": []
        },
        {
          "Alphabet": "P",
          "Filters": []
        },
        {
          "Alphabet": "Q",
          "Filters": []
        },
        {
          "Alphabet": "R",
          "Filters": []
        },
        {
          "Alphabet": "S",
          "Filters": []
        },
        {
          "Alphabet": "T",
          "Filters": []
        },
        {
          "Alphabet": "U",
          "Filters": []
        },
        {
          "Alphabet": "V",
          "Filters": []
        },
        {
          "Alphabet": "W",
          "Filters": []
        },
        {
          "Alphabet": "X",
          "Filters": []
        },
        {
          "Alphabet": "Y",
          "Filters": []
        },
        {
          "Alphabet": "Z",
          "Filters": []
        }
      ],
      "State": "Closed",
      "Rank": 1,
      "AdditionalResults": false,
      "DesignType": "Default",
      "ShowFilter": true,
      "Statement": null,
      "DisplayCoachMarks": false,
      "DisplayIcons": false
    }
  ],
  "HasRewardsCard": true,
  "HasTobaccoItems": false,
  "Success": true
}