{
  "Bundles": [
    {
      "Products": [
        {
          "TileID": 0,
          "Stockcode": 768567,
          "Barcode": "9300633450403",
          "GtinFormat": 13,
          "CupPrice": 5,
          "InstoreCupPrice": 5,
          "CupMeasure": "1KG",
          "CupString": "$5.00 / 1KG",
          "InstoreCupString": "$5.00 / 1KG",
          "HasCupPrice": true,
          "InstoreHasCupPrice": true,
          "Price": 5,
          "InstorePrice": 5,
          "Name": "Woolworths Winter Veg Mix",
          "DisplayName": "Woolworths Winter Veg Mix 1kg",
          "UrlFriendlyName": "woolworths-winter-veg-mix",
          "Description": " Woolworths Winter Veg Mix 1Kg",
          "SmallImageFile": "https://cdn0.woolworths.media/content/wowproductimages/small/768567.jpg",
          "MediumImageFile": "https://cdn0.woolworths.media/content/wowproductimages/medium/768567.jpg",
          "LargeImageFile": "https://cdn0.woolworths.media/content/wowproductimages/large/768567.jpg",
          "IsNew": false,
          "IsHalfPrice": false,
          "IsOnlineOnly": false,
          "IsOnSpecial": false,
          "InstoreIsOnSpecial": false,
          "IsEdrSpecial": false,
          "SavingsAmount": 0,
          "InstoreSavingsAmount": 0,
          "WasPrice": 5,
          "InstoreWasPrice": 5,
          "QuantityInTrolley": 0,
          "Unit": "Each",
          "MinimumQuantity": 1,
          "HasBeenBoughtBefore": false,
          "IsInTrolley": false,
          "Source": "Aisle.Freezer",
          "SupplyLimit": 44,
          "ProductLimit": 50,
          "MaxSupplyLimitMessage": "44 item(s) left",
          "IsRanged": true,
          "IsInStock": true,
          "PackageSize": "1Kg"
        }
      ]
    },
    {
      "Products": [
        {
          "TileID": 0,
          "Stockcode": 777899,
          "Barcode": "9339687211470",
          "GtinFormat": 13,
          "CupPrice": 12.4,
          "InstoreCupPrice": 12.4,
          "CupMeasure": "1KG",
          "CupString": "$12.40 / 1KG",
          "InstoreCupString": "$12.40 / 1KG",
          "HasCupPrice": true,
          "InstoreHasCupPrice": true,
          "Price": 6.2,
          "InstorePrice": 6.2,
          "Name": "Woolworths Frozen Strawberries",
          "DisplayName": "Woolworths Frozen Strawberries 500g",
          "UrlFriendlyName": "woolworths-frozen-strawberries",
          "Description": " Woolworths Frozen<br>Strawberries  500G",
          "SmallImageFile": "https://cdn0.woolworths.media/content/wowproductimages/small/777899.jpg",
          "MediumImageFile": "https://cdn0.woolworths.media/content/wowproductimages/medium/777899.jpg",
          "LargeImageFile": "https://cdn0.woolworths.media/content/wowproductimages/large/777899.jpg",
          "IsNew": false,
          "IsHalfPrice": false,
          "IsOnlineOnly": false,
          "IsOnSpecial": false,
          "InstoreIsOnSpecial": false,
          "IsEdrSpecial": false,
          "SavingsAmount": 0,
          "InstoreSavingsAmount": 0,
          "WasPrice": 6.2,
          "InstoreWasPrice": 6.2,
          "QuantityInTrolley": 0,
          "Unit": "Each",
          "MinimumQuantity": 1,
          "HasBeenBoughtBefore": false,
          "IsInTrolley": false,
          "Source": "Aisle.Freezer",
          "SupplyLimit": 31,
          "ProductLimit": 50,
          "MaxSupplyLimitMessage": "31 item(s) left",
          "IsRanged": true,
          "IsInStock": true,
          "PackageSize": "500G"
        }
      ]
    },
    {
      "Products": [
        {
          "TileID": 0,
          "Stockcode": 322796,
          "Barcode": "9300462451909",
          "GtinFormat": 13,
          "CupPrice": 7.33,
          "InstoreCupPrice": 7.33,
          "CupMeasure": "1KG",
          "CupString": "$7.33 / 1KG",
          "InstoreCupString": "$7.33 / 1KG",
          "HasCupPrice": true,
          "InstoreHasCupPrice": true,
          "Price": 5.5,
          "InstorePrice": 5.5,
          "Name": "Birds Eye Steam Fresh Broccoli, Carrots & Corn",
          "DisplayName": "Birds Eye Steam Fresh Broccoli, Carrots & Corn 750g",
          "UrlFriendlyName": "birds-eye-steam-fresh-broccoli-carrots-corn",
          "Description": " Birds Eye Steam Fresh<br>Broccoli, Carrots &... 750G",
          "SmallImageFile": "https://cdn0.woolworths.media/content/wowproductimages/small/322796.jpg",
          "MediumImageFile": "https://cdn0.woolworths.media/content/wowproductimages/medium/322796.jpg",
          "LargeImageFile": "https://cdn0.woolworths.media/content/wowproductimages/large/322796.jpg",
          "IsNew": false,
          "IsHalfPrice": false,
          "IsOnlineOnly": false,
          "IsOnSpecial": false,
          "InstoreIsOnSpecial": false,
          "IsEdrSpecial": false,
          "SavingsAmount": 0,
          "InstoreSavingsAmount": 0,
          "WasPrice": 5.5,
          "InstoreWasPrice": 5.5,
          "QuantityInTrolley": 0,
          "Unit": "Each",
          "MinimumQuantity": 1,
          "HasBeenBoughtBefore": false,
          "IsInTrolley": false,
          "Source": "Aisle.Freezer",
          "SupplyLimit": 25,
          "ProductLimit": 50,
          "MaxSupplyLimitMessage": "25 item(s) left",
          "IsRanged": true,
          "IsInStock": true,
          "PackageSize": "750G"
        }
      ]
    },
    {
      "Products": [
        {
          "TileID": 0,
          "Stockcode": 516857,
          "Barcode": "9300633582920",
          "GtinFormat": 13,
          "CupPrice": 3.8,
          "InstoreCupPrice": 3.8,
          "CupMeasure": "1KG",
          "CupString": "$3.80 / 1KG",
          "InstoreCupString": "$3.80 / 1KG",
          "HasCupPrice": true,
          "InstoreHasCupPrice": true,
          "Price": 0.95,
          "InstorePrice": 0.95,
          "Name": "Bell Farms Chopped Spinach",
          "DisplayName": "Bell Farms Chopped Spinach 250g",
          "UrlFriendlyName": "bell-farms-chopped-spinach",
          "Description": " Bell Farms Chopped Spinach  250G",
          "SmallImageFile": "https://cdn0.woolworths.media/content/wowproductimages/small/516857.jpg",
          "MediumImageFile": "https://cdn0.woolworths.media/content/wowproductimages/medium/516857.jpg",
          "LargeImageFile": "https://cdn0.woolworths.media/content/wowproductimages/large/516857.jpg",
          "IsNew": false,
          "IsHalfPrice": false,
          "IsOnlineOnly": false,
          "IsOnSpecial": false,
          "InstoreIsOnSpecial": false,
          "IsEdrSpecial": false,
          "SavingsAmount": 0,
          "InstoreSavingsAmount": 0,
          "WasPrice": 0.95,
          "InstoreWasPrice": 0.95,
          "QuantityInTrolley": 0,
          "Unit": "Each",
          "MinimumQuantity": 1,
          "HasBeenBoughtBefore": false,
          "IsInTrolley": false,
          "Source": "Aisle.Freezer",
          "SupplyLimit": 35,
          "ProductLimit": 50,
          "MaxSupplyLimitMessage": "35 item(s) left",
          "IsRanged": true,
          "IsInStock": true,
          "PackageSize": "250G"
        }
      ]
    },
    {
      "Products": [
        {
          "TileID": 0,
          "Stockcode": 211189,
          "Barcode": "9300657782528",
          "GtinFormat": 13,
          "CupPrice": 10,
          "InstoreCupPrice": 10,
          "CupMeasure": "1KG",
          "CupString": "$10.00 / 1KG",
          "InstoreCupString": "$10.00 / 1KG",
          "HasCupPrice": true,
          "InstoreHasCupPrice": true,
          "Price": 4.5,
          "InstorePrice": 4.5,
          "Name": "Heinz Steam Fresh Vegetables Frozen Broccoli Carrot Cauliflower",
          "DisplayName": "Heinz Steam Fresh Vegetables Frozen Broccoli Carrot Cauliflower 450g",
          "UrlFriendlyName": "heinz-steam-fresh-vegetables-frozen-broccoli-carrot-cauliflower",
          "Description": " Heinz Steam Fresh Vegetables<br>Frozen Broccoli... 450G",
          "SmallImageFile": "https://cdn0.woolworths.media/content/wowproductimages/small/211189.jpg",
          "MediumImageFile": "https://cdn0.woolworths.media/content/wowproductimages/medium/211189.jpg",
          "LargeImageFile": "https://cdn0.woolworths.media/content/wowproductimages/large/211189.jpg",
          "IsNew": false,
          "IsHalfPrice": false,
          "IsOnlineOnly": false,
          "IsOnSpecial": false,
          "InstoreIsOnSpecial": false,
          "IsEdrSpecial": false,
          "SavingsAmount": 0,
          "InstoreSavingsAmount": 0,
          "WasPrice": 4.5,
          "InstoreWasPrice": 4.5,
          "QuantityInTrolley": 0,
          "Unit": "Each",
          "MinimumQuantity": 1,
          "HasBeenBoughtBefore": false,
          "IsInTrolley": false,
          "Source": "Aisle.Freezer",
          "SupplyLimit": 24,
          "ProductLimit": 50,
          "MaxSupplyLimitMessage": "24 item(s) left",
          "IsRanged": true,
          "IsInStock": true,
          "PackageSize": "450G"
        }
      ]
    },
    {
      "Products": [
        {
          "TileID": 0,
          "Stockcode": 93915,
          "Barcode": "9339687272723",
          "GtinFormat": 13,
          "CupPrice": 2.8,
          "InstoreCupPrice": 2.8,
          "CupMeasure": "1KG",
          "CupString": "$2.80 / 1KG",
          "InstoreCupString": "$2.80 / 1KG",
          "HasCupPrice": true,
          "InstoreHasCupPrice": true,
          "Price": 2.8,
          "InstorePrice": 2.8,
          "Name": "Essentials Frozen Mixed Vegetables",
          "DisplayName": "Essentials Frozen Mixed Vegetables 1kg",
          "UrlFriendlyName": "essentials-frozen-mixed-vegetables",
          "Description": " Essentials Frozen Mixed<br>Vegetables 1Kg",
          "SmallImageFile": "https://cdn0.woolworths.media/content/wowproductimages/small/093915.jpg",
          "MediumImageFile": "https://cdn0.woolworths.media/content/wowproductimages/medium/093915.jpg",
          "LargeImageFile": "https://cdn0.woolworths.media/content/wowproductimages/large/093915.jpg",
          "IsNew": false,
          "IsHalfPrice": false,
          "IsOnlineOnly": false,
          "IsOnSpecial": false,
          "InstoreIsOnSpecial": false,
          "IsEdrSpecial": false,
          "SavingsAmount": 0,
          "InstoreSavingsAmount": 0,
          "WasPrice": 2.8,
          "InstoreWasPrice": 2.8,
          "QuantityInTrolley": 0,
          "Unit": "Each",
          "MinimumQuantity": 1,
          "HasBeenBoughtBefore": false,
          "IsInTrolley": false,
          "Source": "Aisle.Freezer",
          "SupplyLimit": 28,
          "ProductLimit": 50,
          "MaxSupplyLimitMessage": "28 item(s) left",
          "IsRanged": true,
          "IsInStock": true,
          "PackageSize": "1Kg"
        }
      ]
    },
    {
      "Products": [
        {
          "TileID": 0,
          "Stockcode": 260848,
          "Barcode": "9300657785178",
          "GtinFormat": 13,
          "CupPrice": 10,
          "InstoreCupPrice": 10,
          "CupMeasure": "1KG",
          "CupString": "$10.00 / 1KG",
          "InstoreCupString": "$10.00 / 1KG",
          "HasCupPrice": true,
          "InstoreHasCupPrice": true,
          "Price": 4.5,
          "InstorePrice": 4.5,
          "Name": "Heinz Steam Fresh Vegetables Frozen Veg Beans Broccoli Peas",
          "DisplayName": "Heinz Steam Fresh Vegetables Frozen Veg Beans Broccoli Peas 450g",
          "UrlFriendlyName": "heinz-steam-fresh-vegetables-frozen-veg-beans-broccoli-peas",
          "Description": " Heinz Steam Fresh Vegetables<br>Frozen Veg Beans... 450G",
          "SmallImageFile": "https://cdn0.woolworths.media/content/wowproductimages/small/260848.jpg",
          "MediumImageFile": "https://cdn0.woolworths.media/content/wowproductimages/medium/260848.jpg",
          "LargeImageFile": "https://cdn0.woolworths.media/content/wowproductimages/large/260848.jpg",
          "IsNew": false,
          "IsHalfPrice": false,
          "IsOnlineOnly": false,
          "IsOnSpecial": false,
          "InstoreIsOnSpecial": false,
          "IsEdrSpecial": false,
          "SavingsAmount": 0,
          "InstoreSavingsAmount": 0,
          "WasPrice": 4.5,
          "InstoreWasPrice": 4.5,
          "QuantityInTrolley": 0,
          "Unit": "Each",
          "MinimumQuantity": 1,
          "HasBeenBoughtBefore": false,
          "IsInTrolley": false,
          "Source": "Aisle.Freezer",
          "SupplyLimit": 28,
          "ProductLimit": 50,
          "MaxSupplyLimitMessage": "28 item(s) left",
          "IsRanged": true,
          "IsInStock": true,
          "PackageSize": "450G"
        }
      ]
    },
    {
      "Products": [
        {
          "TileID": 0,
          "Stockcode": 782977,
          "Barcode": "9310081431374",
          "GtinFormat": 13,
          "CupPrice": 7.33,
          "InstoreCupPrice": 7.33,
          "CupMeasure": "1KG",
          "CupString": "$7.33 / 1KG",
          "InstoreCupString": "$7.33 / 1KG",
          "HasCupPrice": true,
          "InstoreHasCupPrice": true,
          "Price": 5.5,
          "InstorePrice": 5.5,
          "Name": "Birds Eye Steam Fresh Peas Beans Broccoli Corn Mix",
          "DisplayName": "Birds Eye Steam Fresh Peas Beans Broccoli Corn Mix 750g",
          "UrlFriendlyName": "birds-eye-steam-fresh-peas-beans-broccoli-corn-mix",
          "Description": " Birds Eye Steam Fresh Peas<br>Beans Broccoli Corn... 750G",
          "SmallImageFile": "https://cdn0.woolworths.media/content/wowproductimages/small/782977.jpg",
          "MediumImageFile": "https://cdn0.woolworths.media/content/wowproductimages/medium/782977.jpg",
          "LargeImageFile": "https://cdn0.woolworths.media/content/wowproductimages/large/782977.jpg",
          "IsNew": false,
          "IsHalfPrice": false,
          "IsOnlineOnly": false,
          "IsOnSpecial": false,
          "InstoreIsOnSpecial": false,
          "IsEdrSpecial": false,
          "SavingsAmount": 0,
          "InstoreSavingsAmount": 0,
          "WasPrice": 5.5,
          "InstoreWasPrice": 5.5,
          "QuantityInTrolley": 0,
          "Unit": "Each",
          "MinimumQuantity": 1,
          "HasBeenBoughtBefore": false,
          "IsInTrolley": false,
          "Source": "Aisle.Freezer",
          "SupplyLimit": 10,
          "ProductLimit": 50,
          "MaxSupplyLimitMessage": "10 item(s) left",
          "IsRanged": true,
          "IsInStock": true,
          "PackageSize": "750G"
        }
      ]
    },
    {
      "Products": [
        {
          "TileID": 0,
          "Stockcode": 768569,
          "Barcode": "9300633450427",
          "GtinFormat": 13,
          "CupPrice": 4.5,
          "InstoreCupPrice": 4.5,
          "CupMeasure": "1KG",
          "CupString": "$4.50 / 1KG",
          "InstoreCupString": "$4.50 / 1KG",
          "HasCupPrice": true,
          "InstoreHasCupPrice": true,
          "Price": 4.5,
          "InstorePrice": 4.5,
          "Name": "Woolworths Carrots Peas & Corn",
          "DisplayName": "Woolworths Carrots Peas & Corn 1kg",
          "UrlFriendlyName": "woolworths-carrots-peas-corn",
          "Description": " Woolworths Carrots Peas &<br>Corn 1Kg",
          "SmallImageFile": "https://cdn0.woolworths.media/content/wowproductimages/small/768569.jpg",
          "MediumImageFile": "https://cdn0.woolworths.media/content/wowproductimages/medium/768569.jpg",
          "LargeImageFile": "https://cdn0.woolworths.media/content/wowproductimages/large/768569.jpg",
          "IsNew": false,
          "IsHalfPrice": false,
          "IsOnlineOnly": false,
          "IsOnSpecial": false,
          "InstoreIsOnSpecial": false,
          "IsEdrSpecial": false,
          "SavingsAmount": 0,
          "InstoreSavingsAmount": 0,
          "WasPrice": 4.5,
          "InstoreWasPrice": 4.5,
          "QuantityInTrolley": 0,
          "Unit": "Each",
          "MinimumQuantity": 1,
          "HasBeenBoughtBefore": false,
          "IsInTrolley": false,
          "Source": "Aisle.Freezer",
          "SupplyLimit": 24,
          "ProductLimit": 50,
          "MaxSupplyLimitMessage": "24 item(s) left",
          "IsRanged": true,
          "IsInStock": true,
          "PackageSize": "1Kg"
        }
      ]
    },
    {
      "Products": [
        {
          "TileID": 0,
          "Stockcode": 662937,
          "Barcode": "9310174157495",
          "GtinFormat": 13,
          "CupPrice": 5,
          "InstoreCupPrice": 5,
          "CupMeasure": "1KG",
          "CupString": "$5.00 / 1KG",
          "InstoreCupString": "$5.00 / 1KG",
          "HasCupPrice": true,
          "InstoreHasCupPrice": true,
          "Price": 4.5,
          "InstorePrice": 4.5,
          "Name": "Mccain Superfries Shoestring",
          "DisplayName": "Mccain Superfries Shoestring 900g",
          "UrlFriendlyName": "mccain-superfries-shoestring",
          "Description": " Mccain Superfries Shoestring<br> 900G",
          "SmallImageFile": "https://cdn0.woolworths.media/content/wowproductimages/small/662937.jpg",
          "MediumImageFile": "https://cdn0.woolworths.media/content/wowproductimages/medium/662937.jpg",
          "LargeImageFile": "https://cdn0.woolworths.media/content/wowproductimages/large/662937.jpg",
          "IsNew": false,
          "IsHalfPrice": false,
          "IsOnlineOnly": false,
          "IsOnSpecial": false,
          "InstoreIsOnSpecial": false,
          "IsEdrSpecial": false,
          "SavingsAmount": 0,
          "InstoreSavingsAmount": 0,
          "WasPrice": 4.5,
          "InstoreWasPrice": 4.5,
          "QuantityInTrolley": 0,
          "Unit": "Each",
          "MinimumQuantity": 1,
          "HasBeenBoughtBefore": false,
          "IsInTrolley": false,
          "Source": "Aisle.Freezer",
          "SupplyLimit": 24,
          "ProductLimit": 50,
          "MaxSupplyLimitMessage": "24 item(s) left",
          "IsRanged": true,
          "IsInStock": true,
          "PackageSize": "900G"
        }
      ]
    },
    {
      "Products": [
        {
          "TileID": 0,
          "Stockcode": 228739,
          "Barcode": "9300657783884",
          "GtinFormat": 13,
          "CupPrice": 10,
          "InstoreCupPrice": 10,
          "CupMeasure": "1KG",
          "CupString": "$10.00 / 1KG",
          "InstoreCupString": "$10.00 / 1KG",
          "HasCupPrice": true,
          "InstoreHasCupPrice": true,
          "Price": 4.5,
          "InstorePrice": 4.5,
          "Name": "Heinz Steam Fresh Vegetables Frozen Veg Broccoli, Carrots & Peas",
          "DisplayName": "Heinz Steam Fresh Vegetables Frozen Veg Broccoli, Carrots & Peas 450g",
          "UrlFriendlyName": "heinz-steam-fresh-vegetables-frozen-veg-broccoli-carrots-peas",
          "Description": " Heinz Steam Fresh Vegetables<br>Frozen Veg... 450G",
          "SmallImageFile": "https://cdn0.woolworths.media/content/wowproductimages/small/228739.jpg",
          "MediumImageFile": "https://cdn0.woolworths.media/content/wowproductimages/medium/228739.jpg",
          "LargeImageFile": "https://cdn0.woolworths.media/content/wowproductimages/large/228739.jpg",
          "IsNew": false,
          "IsHalfPrice": false,
          "IsOnlineOnly": false,
          "IsOnSpecial": false,
          "InstoreIsOnSpecial": false,
          "IsEdrSpecial": false,
          "SavingsAmount": 0,
          "InstoreSavingsAmount": 0,
          "WasPrice": 4.5,
          "InstoreWasPrice": 4.5,
          "QuantityInTrolley": 0,
          "Unit": "Each",
          "MinimumQuantity": 1,
          "HasBeenBoughtBefore": false,
          "IsInTrolley": false,
          "Source": "Aisle.Freezer",
          "SupplyLimit": 28,
          "ProductLimit": 50,
          "MaxSupplyLimitMessage": "28 item(s) left",
          "IsRanged": true,
          "IsInStock": true,
          "PackageSize": "450G"
        }
      ]
    },
    {
      "Products": [
        {
          "TileID": 0,
          "Stockcode": 96698,
          "Barcode": "9300633966980",
          "GtinFormat": 13,
          "CupPrice": null,
          "InstoreCupPrice": null,
          "CupMeasure": "1KG",
          "CupString": "",
          "InstoreCupString": "",
          "HasCupPrice": false,
          "InstoreHasCupPrice": false,
          "Price": null,
          "InstorePrice": null,
          "Name": "Essentials Frozen Straight Cut Potato Chips",
          "DisplayName": "Essentials Frozen Straight Cut Potato Chips 1kg",
          "UrlFriendlyName": "essentials-frozen-straight-cut-potato-chips",
          "Description": " Essentials Frozen Straight<br>Cut Potato Chips 1Kg",
          "SmallImageFile": "https://cdn0.woolworths.media/content/wowproductimages/small/096698.jpg",
          "MediumImageFile": "https://cdn0.woolworths.media/content/wowproductimages/medium/096698.jpg",
          "LargeImageFile": "https://cdn0.woolworths.media/content/wowproductimages/large/096698.jpg",
          "IsNew": false,
          "IsHalfPrice": false,
          "IsOnlineOnly": false,
          "IsOnSpecial": false,
          "InstoreIsOnSpecial": false,
          "IsEdrSpecial": false,
          "SavingsAmount": null,
          "InstoreSavingsAmount": null,
          "WasPrice": 3.7,
          "InstoreWasPrice": 3.7,
          "QuantityInTrolley": 0,
          "Unit": "Each",
          "MinimumQuantity": 1,
          "HasBeenBoughtBefore": false,
          "IsInTrolley": false,
          "Source": "Aisle.Freezer",
          "SupplyLimit": 50,
          "ProductLimit": 50,
          "MaxSupplyLimitMessage": "50 item limit",
          "IsRanged": true,
          "IsInStock": false,
          "PackageSize": "1Kg"
        }
      ]
    },
    {
      "Products": [
        {
          "TileID": 0,
          "Stockcode": 768622,
          "Barcode": "9310081431039",
          "GtinFormat": 13,
          "CupPrice": 6.47,
          "InstoreCupPrice": 6.47,
          "CupMeasure": "1KG",
          "CupString": "$6.47 / 1KG",
          "InstoreCupString": "$6.47 / 1KG",
          "HasCupPrice": true,
          "InstoreHasCupPrice": true,
          "Price": 5.5,
          "InstorePrice": 5.5,
          "Name": "Birds Eye Stir Fry Oriental",
          "DisplayName": "Birds Eye Stir Fry Oriental 850g",
          "UrlFriendlyName": "birds-eye-stir-fry-oriental",
          "Description": " Birds Eye Stir Fry Oriental 850G",
          "SmallImageFile": "https://cdn0.woolworths.media/content/wowproductimages/small/768622.jpg",
          "MediumImageFile": "https://cdn0.woolworths.media/content/wowproductimages/medium/768622.jpg",
          "LargeImageFile": "https://cdn0.woolworths.media/content/wowproductimages/large/768622.jpg",
          "IsNew": false,
          "IsHalfPrice": false,
          "IsOnlineOnly": false,
          "IsOnSpecial": false,
          "InstoreIsOnSpecial": false,
          "IsEdrSpecial": false,
          "SavingsAmount": 0,
          "InstoreSavingsAmount": 0,
          "WasPrice": 5.5,
          "InstoreWasPrice": 5.5,
          "QuantityInTrolley": 0,
          "Unit": "Each",
          "MinimumQuantity": 1,
          "HasBeenBoughtBefore": false,
          "IsInTrolley": false,
          "Source": "Aisle.Freezer",
          "SupplyLimit": 24,
          "ProductLimit": 50,
          "MaxSupplyLimitMessage": "24 item(s) left",
          "IsRanged": true,
          "IsInStock": true,
          "PackageSize": "850G"
        }
      ]
    },
    {
      "Products": [
        {
          "TileID": 0,
          "Stockcode": 61998,
          "Barcode": "9339687133857",
          "GtinFormat": 13,
          "CupPrice": 5.4,
          "InstoreCupPrice": 5.4,
          "CupMeasure": "1KG",
          "CupString": "$5.40 / 1KG",
          "InstoreCupString": "$5.40 / 1KG",
          "HasCupPrice": true,
          "InstoreHasCupPrice": true,
          "Price": 2.7,
          "InstorePrice": 2.7,
          "Name": "Woolworths Prep Set Go Diced Frozen Onions",
          "DisplayName": "Woolworths Prep Set Go Diced Frozen Onions 500g",
          "UrlFriendlyName": "woolworths-prep-set-go-diced-frozen-onions",
          "Description": " Woolworths Prep Set Go Diced<br>Frozen Onions 500G",
          "SmallImageFile": "https://cdn0.woolworths.media/content/wowproductimages/small/061998.jpg",
          "MediumImageFile": "https://cdn0.woolworths.media/content/wowproductimages/medium/061998.jpg",
          "LargeImageFile": "https://cdn0.woolworths.media/content/wowproductimages/large/061998.jpg",
          "IsNew": false,
          "IsHalfPrice": false,
          "IsOnlineOnly": false,
          "IsOnSpecial": false,
          "InstoreIsOnSpecial": false,
          "IsEdrSpecial": false,
          "SavingsAmount": 0,
          "InstoreSavingsAmount": 0,
          "WasPrice": 2.7,
          "InstoreWasPrice": 2.7,
          "QuantityInTrolley": 0,
          "Unit": "Each",
          "MinimumQuantity": 1,
          "HasBeenBoughtBefore": false,
          "IsInTrolley": false,
          "Source": "Aisle.Freezer",
          "SupplyLimit": 50,
          "ProductLimit": 50,
          "MaxSupplyLimitMessage": "50 item limit",
          "IsRanged": true,
          "IsInStock": true,
          "PackageSize": "500G"
        }
      ]
    },
    {
      "Products": [
        {
          "TileID": 0,
          "Stockcode": 662932,
          "Barcode": "9310174157464",
          "GtinFormat": 13,
          "CupPrice": 5,
          "InstoreCupPrice": 5,
          "CupMeasure": "1KG",
          "CupString": "$5.00 / 1KG",
          "InstoreCupString": "$5.00 / 1KG",
          "HasCupPrice": true,
          "InstoreHasCupPrice": true,
          "Price": 4.5,
          "InstorePrice": 4.5,
          "Name": "Mccain Superfries Steak Cut",
          "DisplayName": "Mccain Superfries Steak Cut 900g",
          "UrlFriendlyName": "mccain-superfries-steak-cut",
          "Description": " Mccain Superfries Steak Cut 900G",
          "SmallImageFile": "https://cdn0.woolworths.media/content/wowproductimages/small/662932.jpg",
          "MediumImageFile": "https://cdn0.woolworths.media/content/wowproductimages/medium/662932.jpg",
          "LargeImageFile": "https://cdn0.woolworths.media/content/wowproductimages/large/662932.jpg",
          "IsNew": false,
          "IsHalfPrice": false,
          "IsOnlineOnly": false,
          "IsOnSpecial": false,
          "InstoreIsOnSpecial": false,
          "IsEdrSpecial": false,
          "SavingsAmount": 0,
          "InstoreSavingsAmount": 0,
          "WasPrice": 4.5,
          "InstoreWasPrice": 4.5,
          "QuantityInTrolley": 0,
          "Unit": "Each",
          "MinimumQuantity": 1,
          "HasBeenBoughtBefore": false,
          "IsInTrolley": false,
          "Source": "Aisle.Freezer",
          "SupplyLimit": 18,
          "ProductLimit": 50,
          "MaxSupplyLimitMessage": "18 item(s) left",
          "IsRanged": true,
          "IsInStock": true,
          "PackageSize": "900G"
        }
      ]
    },
    {
      "Products": [
        {
          "TileID": 0,
          "Stockcode": 768559,
          "Barcode": "9300633450328",
          "GtinFormat": 13,
          "CupPrice": 6,
          "InstoreCupPrice": 6,
          "CupMeasure": "1KG",
          "CupString": "$6.00 / 1KG",
          "InstoreCupString": "$6.00 / 1KG",
          "HasCupPrice": true,
          "InstoreHasCupPrice": true,
          "Price": 3,
          "InstorePrice": 3,
          "Name": "Woolworths Broccoli Florets",
          "DisplayName": "Woolworths Broccoli Florets 500g",
          "UrlFriendlyName": "woolworths-broccoli-florets",
          "Description": " Woolworths Broccoli Florets 500G",
          "SmallImageFile": "https://cdn0.woolworths.media/content/wowproductimages/small/768559.jpg",
          "MediumImageFile": "https://cdn0.woolworths.media/content/wowproductimages/medium/768559.jpg",
          "LargeImageFile": "https://cdn0.woolworths.media/content/wowproductimages/large/768559.jpg",
          "IsNew": false,
          "IsHalfPrice": false,
          "IsOnlineOnly": false,
          "IsOnSpecial": false,
          "InstoreIsOnSpecial": false,
          "IsEdrSpecial": false,
          "SavingsAmount": 0,
          "InstoreSavingsAmount": 0,
          "WasPrice": 3,
          "InstoreWasPrice": 3,
          "QuantityInTrolley": 0,
          "Unit": "Each",
          "MinimumQuantity": 1,
          "HasBeenBoughtBefore": false,
          "IsInTrolley": false,
          "Source": "Aisle.Freezer",
          "SupplyLimit": 37,
          "ProductLimit": 50,
          "MaxSupplyLimitMessage": "37 item(s) left",
          "IsRanged": true,
          "IsInStock": true,
          "PackageSize": "500G"
        }
      ]
    },
    {
      "Products": [
        {
          "TileID": 0,
          "Stockcode": 768583,
          "Barcode": "9300633450458",
          "GtinFormat": 13,
          "CupPrice": 6,
          "InstoreCupPrice": 6,
          "CupMeasure": "1KG",
          "CupString": "$6.00 / 1KG",
          "InstoreCupString": "$6.00 / 1KG",
          "HasCupPrice": true,
          "InstoreHasCupPrice": true,
          "Price": 3,
          "InstorePrice": 3,
          "Name": "Woolworths Brussels Sprouts",
          "DisplayName": "Woolworths Brussels Sprouts 500g",
          "UrlFriendlyName": "woolworths-brussels-sprouts",
          "Description": " Woolworths Brussels Sprouts 500G",
          "SmallImageFile": "https://cdn0.woolworths.media/content/wowproductimages/small/768583.jpg",
          "MediumImageFile": "https://cdn0.woolworths.media/content/wowproductimages/medium/768583.jpg",
          "LargeImageFile": "https://cdn0.woolworths.media/content/wowproductimages/large/768583.jpg",
          "IsNew": false,
          "IsHalfPrice": false,
          "IsOnlineOnly": false,
          "IsOnSpecial": false,
          "InstoreIsOnSpecial": false,
          "IsEdrSpecial": false,
          "SavingsAmount": 0,
          "InstoreSavingsAmount": 0,
          "WasPrice": 3,
          "InstoreWasPrice": 3,
          "QuantityInTrolley": 0,
          "Unit": "Each",
          "MinimumQuantity": 1,
          "HasBeenBoughtBefore": false,
          "IsInTrolley": false,
          "Source": "Aisle.Freezer",
          "SupplyLimit": 17,
          "ProductLimit": 50,
          "MaxSupplyLimitMessage": "17 item(s) left",
          "IsRanged": true,
          "IsInStock": true,
          "PackageSize": "500G"
        }
      ]
    },
    {
      "Products": [
        {
          "TileID": 0,
          "Stockcode": 768561,
          "Barcode": "9300633450342",
          "GtinFormat": 13,
          "CupPrice": 6.8,
          "InstoreCupPrice": 6.8,
          "CupMeasure": "1KG",
          "CupString": "$6.80 / 1KG",
          "InstoreCupString": "$6.80 / 1KG",
          "HasCupPrice": true,
          "InstoreHasCupPrice": true,
          "Price": 3.4,
          "InstorePrice": 3.4,
          "Name": "Woolworths Broccoli & Cauliflower",
          "DisplayName": "Woolworths Broccoli & Cauliflower 500g",
          "UrlFriendlyName": "woolworths-broccoli-cauliflower",
          "Description": " Woolworths Broccoli &<br>Cauliflower 500G",
          "SmallImageFile": "https://cdn0.woolworths.media/content/wowproductimages/small/768561.jpg",
          "MediumImageFile": "https://cdn0.woolworths.media/content/wowproductimages/medium/768561.jpg",
          "LargeImageFile": "https://cdn0.woolworths.media/content/wowproductimages/large/768561.jpg",
          "IsNew": false,
          "IsHalfPrice": false,
          "IsOnlineOnly": false,
          "IsOnSpecial": false,
          "InstoreIsOnSpecial": false,
          "IsEdrSpecial": false,
          "SavingsAmount": 0,
          "InstoreSavingsAmount": 0,
          "WasPrice": 3.4,
          "InstoreWasPrice": 3.4,
          "QuantityInTrolley": 0,
          "Unit": "Each",
          "MinimumQuantity": 1,
          "HasBeenBoughtBefore": false,
          "IsInTrolley": false,
          "Source": "Aisle.Freezer",
          "SupplyLimit": 40,
          "ProductLimit": 50,
          "MaxSupplyLimitMessage": "40 item(s) left",
          "IsRanged": true,
          "IsInStock": true,
          "PackageSize": "500G"
        }
      ]
    },
    {
      "Products": [
        {
          "TileID": 0,
          "Stockcode": 120138,
          "Barcode": "9339687212255",
          "GtinFormat": 13,
          "CupPrice": 4.2,
          "InstoreCupPrice": 4.2,
          "CupMeasure": "1KG",
          "CupString": "$4.20 / 1KG",
          "InstoreCupString": "$4.20 / 1KG",
          "HasCupPrice": true,
          "InstoreHasCupPrice": true,
          "Price": 4.2,
          "InstorePrice": 4.2,
          "Name": "Bell Farms Snap Frozen Winter Veggies",
          "DisplayName": "Bell Farms Snap Frozen Winter Veggies 1kg",
          "UrlFriendlyName": "bell-farms-snap-frozen-winter-veggies",
          "Description": " Bell Farms Snap Frozen<br>Winter Veggies  1Kg",
          "SmallImageFile": "https://cdn0.woolworths.media/content/wowproductimages/small/120138.jpg",
          "MediumImageFile": "https://cdn0.woolworths.media/content/wowproductimages/medium/120138.jpg",
          "LargeImageFile": "https://cdn0.woolworths.media/content/wowproductimages/large/120138.jpg",
          "IsNew": false,
          "IsHalfPrice": false,
          "IsOnlineOnly": false,
          "IsOnSpecial": false,
          "InstoreIsOnSpecial": false,
          "IsEdrSpecial": false,
          "SavingsAmount": 0,
          "InstoreSavingsAmount": 0,
          "WasPrice": 4.2,
          "InstoreWasPrice": 4.2,
          "QuantityInTrolley": 0,
          "Unit": "Each",
          "MinimumQuantity": 1,
          "HasBeenBoughtBefore": false,
          "IsInTrolley": false,
          "Source": "Aisle.Freezer",
          "SupplyLimit": 15,
          "ProductLimit": 50,
          "MaxSupplyLimitMessage": "15 item(s) left",
          "IsRanged": true,
          "IsInStock": true,
          "PackageSize": "1Kg"
        }
      ]
    },
    {
      "Products": [
        {
          "TileID": 0,
          "Stockcode": 54233,
          "Barcode": "9310174006236",
          "GtinFormat": 13,
          "CupPrice": 8,
          "InstoreCupPrice": 8,
          "CupMeasure": "1KG",
          "CupString": "$8.00 / 1KG",
          "InstoreCupString": "$8.00 / 1KG",
          "HasCupPrice": true,
          "InstoreHasCupPrice": true,
          "Price": 4,
          "InstorePrice": 4,
          "Name": "Mccain Mixed Vegetables Peas Corn & Carrot",
          "DisplayName": "Mccain Mixed Vegetables Peas Corn & Carrot 500g",
          "UrlFriendlyName": "mccain-mixed-vegetables-peas-corn-carrot",
          "Description": " Mccain Mixed Vegetables Peas<br>Corn & Carrot 500G",
          "SmallImageFile": "https://cdn0.woolworths.media/content/wowproductimages/small/054233.jpg",
          "MediumImageFile": "https://cdn0.woolworths.media/content/wowproductimages/medium/054233.jpg",
          "LargeImageFile": "https://cdn0.woolworths.media/content/wowproductimages/large/054233.jpg",
          "IsNew": false,
          "IsHalfPrice": false,
          "IsOnlineOnly": false,
          "IsOnSpecial": false,
          "InstoreIsOnSpecial": false,
          "IsEdrSpecial": false,
          "SavingsAmount": 0,
          "InstoreSavingsAmount": 0,
          "WasPrice": 4,
          "InstoreWasPrice": 4,
          "QuantityInTrolley": 0,
          "Unit": "Each",
          "MinimumQuantity": 1,
          "HasBeenBoughtBefore": false,
          "IsInTrolley": false,
          "Source": "Aisle.Freezer",
          "SupplyLimit": 37,
          "ProductLimit": 50,
          "MaxSupplyLimitMessage": "37 item(s) left",
          "IsRanged": true,
          "IsInStock": true,
          "PackageSize": "500G"
        }
      ]
    },
    {
      "Products": [
        {
          "TileID": 0,
          "Stockcode": 768558,
          "Barcode": "9300633450311",
          "GtinFormat": 13,
          "CupPrice": 5.6,
          "InstoreCupPrice": 5.6,
          "CupMeasure": "1KG",
          "CupString": "$5.60 / 1KG",
          "InstoreCupString": "$5.60 / 1KG",
          "HasCupPrice": true,
          "InstoreHasCupPrice": true,
          "Price": 2.8,
          "InstorePrice": 2.8,
          "Name": "Woolworths Sliced Beans",
          "DisplayName": "Woolworths Sliced Beans 500g",
          "UrlFriendlyName": "woolworths-sliced-beans",
          "Description": " Woolworths Sliced Beans 500G",
          "SmallImageFile": "https://cdn0.woolworths.media/content/wowproductimages/small/768558.jpg",
          "MediumImageFile": "https://cdn0.woolworths.media/content/wowproductimages/medium/768558.jpg",
          "LargeImageFile": "https://cdn0.woolworths.media/content/wowproductimages/large/768558.jpg",
          "IsNew": false,
          "IsHalfPrice": false,
          "IsOnlineOnly": false,
          "IsOnSpecial": false,
          "InstoreIsOnSpecial": false,
          "IsEdrSpecial": false,
          "SavingsAmount": 0,
          "InstoreSavingsAmount": 0,
          "WasPrice": 2.8,
          "InstoreWasPrice": 2.8,
          "QuantityInTrolley": 0,
          "Unit": "Each",
          "MinimumQuantity": 1,
          "HasBeenBoughtBefore": false,
          "IsInTrolley": false,
          "Source": "Aisle.Freezer",
          "SupplyLimit": 7,
          "ProductLimit": 50,
          "MaxSupplyLimitMessage": "7 item(s) left",
          "IsRanged": true,
          "IsInStock": true,
          "PackageSize": "500G"
        }
      ]
    },
    {
      "Products": [
        {
          "TileID": 0,
          "Stockcode": 586517,
          "Barcode": "9400597021548",
          "GtinFormat": 13,
          "CupPrice": 11,
          "InstoreCupPrice": 11,
          "CupMeasure": "1KG",
          "CupString": "$11.00 / 1KG",
          "InstoreCupString": "$11.00 / 1KG",
          "HasCupPrice": true,
          "InstoreHasCupPrice": true,
          "Price": 11,
          "InstorePrice": 11,
          "Name": "Woolworths Frozen Mixed Berries",
          "DisplayName": "Woolworths Frozen Mixed Berries 1kg",
          "UrlFriendlyName": "woolworths-frozen-mixed-berries",
          "Description": " Woolworths Frozen Mixed<br>Berries  1Kg",
          "SmallImageFile": "https://cdn0.woolworths.media/content/wowproductimages/small/586517.jpg",
          "MediumImageFile": "https://cdn0.woolworths.media/content/wowproductimages/medium/586517.jpg",
          "LargeImageFile": "https://cdn0.woolworths.media/content/wowproductimages/large/586517.jpg",
          "IsNew": false,
          "IsHalfPrice": false,
          "IsOnlineOnly": false,
          "IsOnSpecial": false,
          "InstoreIsOnSpecial": false,
          "IsEdrSpecial": false,
          "SavingsAmount": 0,
          "InstoreSavingsAmount": 0,
          "WasPrice": 11,
          "InstoreWasPrice": 11,
          "QuantityInTrolley": 0,
          "Unit": "Each",
          "MinimumQuantity": 1,
          "HasBeenBoughtBefore": false,
          "IsInTrolley": false,
          "Source": "Aisle.Freezer",
          "SupplyLimit": 37,
          "ProductLimit": 50,
          "MaxSupplyLimitMessage": "37 item(s) left",
          "IsRanged": true,
          "IsInStock": true,
          "PackageSize": "1Kg"
        }
      ]
    },
    {
      "Products": [
        {
          "TileID": 0,
          "Stockcode": 18574,
          "Barcode": "9416036006052",
          "GtinFormat": 13,
          "CupPrice": 7.8,
          "InstoreCupPrice": 7.8,
          "CupMeasure": "1KG",
          "CupString": "$7.80 / 1KG",
          "InstoreCupString": "$7.80 / 1KG",
          "HasCupPrice": true,
          "InstoreHasCupPrice": true,
          "Price": 3.9,
          "InstorePrice": 3.9,
          "Name": "Mccain Peas Baby",
          "DisplayName": "Mccain Peas Baby 500g",
          "UrlFriendlyName": "mccain-peas-baby",
          "Description": " Mccain Peas Baby 500G",
          "SmallImageFile": "https://cdn0.woolworths.media/content/wowproductimages/small/018574.jpg",
          "MediumImageFile": "https://cdn0.woolworths.media/content/wowproductimages/medium/018574.jpg",
          "LargeImageFile": "https://cdn0.woolworths.media/content/wowproductimages/large/018574.jpg",
          "IsNew": false,
          "IsHalfPrice": false,
          "IsOnlineOnly": false,
          "IsOnSpecial": false,
          "InstoreIsOnSpecial": false,
          "IsEdrSpecial": false,
          "SavingsAmount": 0,
          "InstoreSavingsAmount": 0,
          "WasPrice": 3.9,
          "InstoreWasPrice": 3.9,
          "QuantityInTrolley": 0,
          "Unit": "Each",
          "MinimumQuantity": 1,
          "HasBeenBoughtBefore": false,
          "IsInTrolley": false,
          "Source": "Aisle.Freezer",
          "SupplyLimit": 35,
          "ProductLimit": 50,
          "MaxSupplyLimitMessage": "35 item(s) left",
          "IsRanged": true,
          "IsInStock": true,
          "PackageSize": "500G"
        }
      ]
    },
    {
      "Products": [
        {
          "TileID": 0,
          "Stockcode": 260010,
          "Barcode": "9300633952389",
          "GtinFormat": 13,
          "CupPrice": 12.4,
          "InstoreCupPrice": 12.4,
          "CupMeasure": "1KG",
          "CupString": "$12.40 / 1KG",
          "InstoreCupString": "$12.40 / 1KG",
          "HasCupPrice": true,
          "InstoreHasCupPrice": true,
          "Price": 6.2,
          "InstorePrice": 6.2,
          "Name": "Woolworths Frozen Mixed Berries",
          "DisplayName": "Woolworths Frozen Mixed Berries 500g",
          "UrlFriendlyName": "woolworths-frozen-mixed-berries",
          "Description": " Woolworths Frozen Mixed<br>Berries  500G",
          "SmallImageFile": "https://cdn0.woolworths.media/content/wowproductimages/small/260010.jpg",
          "MediumImageFile": "https://cdn0.woolworths.media/content/wowproductimages/medium/260010.jpg",
          "LargeImageFile": "https://cdn0.woolworths.media/content/wowproductimages/large/260010.jpg",
          "IsNew": false,
          "IsHalfPrice": false,
          "IsOnlineOnly": false,
          "IsOnSpecial": false,
          "InstoreIsOnSpecial": false,
          "IsEdrSpecial": false,
          "SavingsAmount": 0,
          "InstoreSavingsAmount": 0,
          "WasPrice": 6.2,
          "InstoreWasPrice": 6.2,
          "QuantityInTrolley": 0,
          "Unit": "Each",
          "MinimumQuantity": 1,
          "HasBeenBoughtBefore": false,
          "IsInTrolley": false,
          "Source": "Aisle.Freezer",
          "SupplyLimit": 50,
          "ProductLimit": 50,
          "MaxSupplyLimitMessage": "50 item limit",
          "IsRanged": true,
          "IsInStock": true,
          "PackageSize": "500G"
        }
      ]
    },
    {
      "Products": [
        {
          "TileID": 0,
          "Stockcode": 662935,
          "Barcode": "9310174157488",
          "GtinFormat": 13,
          "CupPrice": 5,
          "InstoreCupPrice": 5,
          "CupMeasure": "1KG",
          "CupString": "$5.00 / 1KG",
          "InstoreCupString": "$5.00 / 1KG",
          "HasCupPrice": true,
          "InstoreHasCupPrice": true,
          "Price": 4.5,
          "InstorePrice": 4.5,
          "Name": "Mccain Superfries Crinkle Cut",
          "DisplayName": "Mccain Superfries Crinkle Cut 900g",
          "UrlFriendlyName": "mccain-superfries-crinkle-cut",
          "Description": " Mccain Superfries Crinkle<br>Cut 900G",
          "SmallImageFile": "https://cdn0.woolworths.media/content/wowproductimages/small/662935.jpg",
          "MediumImageFile": "https://cdn0.woolworths.media/content/wowproductimages/medium/662935.jpg",
          "LargeImageFile": "https://cdn0.woolworths.media/content/wowproductimages/large/662935.jpg",
          "IsNew": false,
          "IsHalfPrice": false,
          "IsOnlineOnly": false,
          "IsOnSpecial": false,
          "InstoreIsOnSpecial": false,
          "IsEdrSpecial": false,
          "SavingsAmount": 0,
          "InstoreSavingsAmount": 0,
          "WasPrice": 4.5,
          "InstoreWasPrice": 4.5,
          "QuantityInTrolley": 0,
          "Unit": "Each",
          "MinimumQuantity": 1,
          "HasBeenBoughtBefore": false,
          "IsInTrolley": false,
          "Source": "Aisle.Freezer",
          "SupplyLimit": 43,
          "ProductLimit": 50,
          "MaxSupplyLimitMessage": "43 item(s) left",
          "IsRanged": true,
          "IsInStock": true,
          "PackageSize": "900G"
        }
      ]
    },
    {
      "Products": [
        {
          "TileID": 0,
          "Stockcode": 754169,
          "Barcode": "9300633415259",
          "GtinFormat": 13,
          "CupPrice": null,
          "InstoreCupPrice": null,
          "CupMeasure": "1KG",
          "CupString": "",
          "InstoreCupString": "",
          "HasCupPrice": false,
          "InstoreHasCupPrice": false,
          "Price": null,
          "InstorePrice": null,
          "Name": "Woolworths Frozen Australian Peas",
          "DisplayName": "Woolworths Frozen Australian Peas 1kg",
          "UrlFriendlyName": "woolworths-frozen-australian-peas",
          "Description": " Woolworths Frozen Australian<br>Peas 1kg",
          "SmallImageFile": "https://cdn0.woolworths.media/content/wowproductimages/small/754169.jpg",
          "MediumImageFile": "https://cdn0.woolworths.media/content/wowproductimages/medium/754169.jpg",
          "LargeImageFile": "https://cdn0.woolworths.media/content/wowproductimages/large/754169.jpg",
          "IsNew": false,
          "IsHalfPrice": false,
          "IsOnlineOnly": false,
          "IsOnSpecial": false,
          "InstoreIsOnSpecial": false,
          "IsEdrSpecial": false,
          "SavingsAmount": null,
          "InstoreSavingsAmount": null,
          "WasPrice": 3.8,
          "InstoreWasPrice": 3.8,
          "QuantityInTrolley": 0,
          "Unit": "Each",
          "MinimumQuantity": 1,
          "HasBeenBoughtBefore": false,
          "IsInTrolley": false,
          "Source": "Aisle.Freezer",
          "SupplyLimit": 50,
          "ProductLimit": 50,
          "MaxSupplyLimitMessage": "50 item limit",
          "IsRanged": true,
          "IsInStock": false,
          "PackageSize": "1kg"
        }
      ]
    },
    {
      "Products": [
        {
          "TileID": 0,
          "Stockcode": 429362,
          "Barcode": "9300633565121",
          "GtinFormat": 13,
          "CupPrice": 4,
          "InstoreCupPrice": 4,
          "CupMeasure": "1KG",
          "CupString": "$4.00 / 1KG",
          "InstoreCupString": "$4.00 / 1KG",
          "HasCupPrice": true,
          "InstoreHasCupPrice": true,
          "Price": 4,
          "InstorePrice": 4,
          "Name": "Bell Farms Frozen Chips Steak Cut",
          "DisplayName": "Bell Farms Frozen Chips Steak Cut 1kg",
          "UrlFriendlyName": "bell-farms-frozen-chips-steak-cut",
          "Description": " Bell Farms Frozen Chips<br>Steak Cut 1Kg",
          "SmallImageFile": "https://cdn0.woolworths.media/content/wowproductimages/small/429362.jpg",
          "MediumImageFile": "https://cdn0.woolworths.media/content/wowproductimages/medium/429362.jpg",
          "LargeImageFile": "https://cdn0.woolworths.media/content/wowproductimages/large/429362.jpg",
          "IsNew": false,
          "IsHalfPrice": false,
          "IsOnlineOnly": false,
          "IsOnSpecial": false,
          "InstoreIsOnSpecial": false,
          "IsEdrSpecial": false,
          "SavingsAmount": 0,
          "InstoreSavingsAmount": 0,
          "WasPrice": 4,
          "InstoreWasPrice": 4,
          "QuantityInTrolley": 0,
          "Unit": "Each",
          "MinimumQuantity": 1,
          "HasBeenBoughtBefore": false,
          "IsInTrolley": false,
          "Source": "Aisle.Freezer",
          "SupplyLimit": 14,
          "ProductLimit": 50,
          "MaxSupplyLimitMessage": "14 item(s) left",
          "IsRanged": true,
          "IsInStock": true,
          "PackageSize": "1Kg"
        }
      ]
    },
    {
      "Products": [
        {
          "TileID": 0,
          "Stockcode": 754170,
          "Barcode": "9300633415266",
          "GtinFormat": 13,
          "CupPrice": 5,
          "InstoreCupPrice": 5,
          "CupMeasure": "1KG",
          "CupString": "$5.00 / 1KG",
          "InstoreCupString": "$5.00 / 1KG",
          "HasCupPrice": true,
          "InstoreHasCupPrice": true,
          "Price": 2.5,
          "InstorePrice": 2.5,
          "Name": "Woolworths Peas",
          "DisplayName": "Woolworths Peas 500g",
          "UrlFriendlyName": "woolworths-peas",
          "Description": " Woolworths Peas  500G",
          "SmallImageFile": "https://cdn0.woolworths.media/content/wowproductimages/small/754170.jpg",
          "MediumImageFile": "https://cdn0.woolworths.media/content/wowproductimages/medium/754170.jpg",
          "LargeImageFile": "https://cdn0.woolworths.media/content/wowproductimages/large/754170.jpg",
          "IsNew": false,
          "IsHalfPrice": false,
          "IsOnlineOnly": false,
          "IsOnSpecial": false,
          "InstoreIsOnSpecial": false,
          "IsEdrSpecial": false,
          "SavingsAmount": 0,
          "InstoreSavingsAmount": 0,
          "WasPrice": 2.5,
          "InstoreWasPrice": 2.5,
          "QuantityInTrolley": 0,
          "Unit": "Each",
          "MinimumQuantity": 1,
          "HasBeenBoughtBefore": false,
          "IsInTrolley": false,
          "Source": "Aisle.Freezer",
          "SupplyLimit": 5,
          "ProductLimit": 50,
          "MaxSupplyLimitMessage": "5 item(s) left",
          "IsRanged": true,
          "IsInStock": true,
          "PackageSize": "500G"
        }
      ]
    },
    {
      "Products": [
        {
          "TileID": 0,
          "Stockcode": 260007,
          "Barcode": "9300633952372",
          "GtinFormat": 13,
          "CupPrice": 12.4,
          "InstoreCupPrice": 12.4,
          "CupMeasure": "1KG",
          "CupString": "$12.40 / 1KG",
          "InstoreCupString": "$12.40 / 1KG",
          "HasCupPrice": true,
          "InstoreHasCupPrice": true,
          "Price": 6.2,
          "InstorePrice": 6.2,
          "Name": "Woolworths Frozen Blueberries",
          "DisplayName": "Woolworths Frozen Blueberries 500g",
          "UrlFriendlyName": "woolworths-frozen-blueberries",
          "Description": " Woolworths Frozen<br>Blueberries  500G",
          "SmallImageFile": "https://cdn0.woolworths.media/content/wowproductimages/small/260007.jpg",
          "MediumImageFile": "https://cdn0.woolworths.media/content/wowproductimages/medium/260007.jpg",
          "LargeImageFile": "https://cdn0.woolworths.media/content/wowproductimages/large/260007.jpg",
          "IsNew": false,
          "IsHalfPrice": false,
          "IsOnlineOnly": false,
          "IsOnSpecial": false,
          "InstoreIsOnSpecial": false,
          "IsEdrSpecial": false,
          "SavingsAmount": 0,
          "InstoreSavingsAmount": 0,
          "WasPrice": 6.2,
          "InstoreWasPrice": 6.2,
          "QuantityInTrolley": 0,
          "Unit": "Each",
          "MinimumQuantity": 1,
          "HasBeenBoughtBefore": false,
          "IsInTrolley": false,
          "Source": "Aisle.Freezer",
          "SupplyLimit": 36,
          "ProductLimit": 50,
          "MaxSupplyLimitMessage": "36 item(s) left",
          "IsRanged": true,
          "IsInStock": true,
          "PackageSize": "500G"
        }
      ]
    },
    {
      "Products": [
        {
          "TileID": 0,
          "Stockcode": 61999,
          "Barcode": "9339687133864",
          "GtinFormat": 13,
          "CupPrice": 8,
          "InstoreCupPrice": 8,
          "CupMeasure": "1KG",
          "CupString": "$8.00 / 1KG",
          "InstoreCupString": "$8.00 / 1KG",
          "HasCupPrice": true,
          "InstoreHasCupPrice": true,
          "Price": 4,
          "InstorePrice": 4,
          "Name": "Woolworths Prep Set Go Frozen Stir Fry Mixed Vegetables",
          "DisplayName": "Woolworths Prep Set Go Frozen Stir Fry Mixed Vegetables 500g",
          "UrlFriendlyName": "woolworths-prep-set-go-frozen-stir-fry-mixed-vegetables",
          "Description": " Woolworths Prep Set Go<br>Frozen Stir Fry... 500G",
          "SmallImageFile": "https://cdn0.woolworths.media/content/wowproductimages/small/061999.jpg",
          "MediumImageFile": "https://cdn0.woolworths.media/content/wowproductimages/medium/061999.jpg",
          "LargeImageFile": "https://cdn0.woolworths.media/content/wowproductimages/large/061999.jpg",
          "IsNew": false,
          "IsHalfPrice": false,
          "IsOnlineOnly": false,
          "IsOnSpecial": false,
          "InstoreIsOnSpecial": false,
          "IsEdrSpecial": false,
          "SavingsAmount": 0,
          "InstoreSavingsAmount": 0,
          "WasPrice": 4,
          "InstoreWasPrice": 4,
          "QuantityInTrolley": 0,
          "Unit": "Each",
          "MinimumQuantity": 1,
          "HasBeenBoughtBefore": false,
          "IsInTrolley": false,
          "Source": "Aisle.Freezer",
          "SupplyLimit": 17,
          "ProductLimit": 50,
          "MaxSupplyLimitMessage": "17 item(s) left",
          "IsRanged": true,
          "IsInStock": true,
          "PackageSize": "500G"
        }
      ]
    },
    {
      "Products": [
        {
          "TileID": 0,
          "Stockcode": 221063,
          "Barcode": "9300633906139",
          "GtinFormat": 13,
          "CupPrice": null,
          "InstoreCupPrice": null,
          "CupMeasure": "1KG",
          "CupString": "",
          "InstoreCupString": "",
          "HasCupPrice": false,
          "InstoreHasCupPrice": false,
          "Price": null,
          "InstorePrice": null,
          "Name": "Essentials Frozen Crinkle Cut Chips",
          "DisplayName": "Essentials Frozen Crinkle Cut Chips 1kg",
          "UrlFriendlyName": "essentials-frozen-crinkle-cut-chips",
          "Description": " Essentials Frozen Crinkle<br>Cut Chips 1Kg",
          "SmallImageFile": "https://cdn0.woolworths.media/content/wowproductimages/small/221063.jpg",
          "MediumImageFile": "https://cdn0.woolworths.media/content/wowproductimages/medium/221063.jpg",
          "LargeImageFile": "https://cdn0.woolworths.media/content/wowproductimages/large/221063.jpg",
          "IsNew": false,
          "IsHalfPrice": false,
          "IsOnlineOnly": false,
          "IsOnSpecial": false,
          "InstoreIsOnSpecial": false,
          "IsEdrSpecial": false,
          "SavingsAmount": null,
          "InstoreSavingsAmount": null,
          "WasPrice": 3.7,
          "InstoreWasPrice": 3.7,
          "QuantityInTrolley": 0,
          "Unit": "Each",
          "MinimumQuantity": 1,
          "HasBeenBoughtBefore": false,
          "IsInTrolley": false,
          "Source": "Aisle.Freezer",
          "SupplyLimit": 50,
          "ProductLimit": 50,
          "MaxSupplyLimitMessage": "50 item limit",
          "IsRanged": true,
          "IsInStock": false,
          "PackageSize": "1Kg"
        }
      ]
    },
    {
      "Products": [
        {
          "TileID": 0,
          "Stockcode": 374274,
          "Barcode": "9300633218799",
          "GtinFormat": 13,
          "CupPrice": 4.5,
          "InstoreCupPrice": 4.5,
          "CupMeasure": "1KG",
          "CupString": "$4.50 / 1KG",
          "InstoreCupString": "$4.50 / 1KG",
          "HasCupPrice": true,
          "InstoreHasCupPrice": true,
          "Price": 4.5,
          "InstorePrice": 4.5,
          "Name": "Woolworths Corn Cobs Australia",
          "DisplayName": "Woolworths Corn Cobs Australia 1kg",
          "UrlFriendlyName": "woolworths-corn-cobs-australia",
          "Description": " Woolworths Corn Cobs<br>Australia 1Kg",
          "SmallImageFile": "https://cdn0.woolworths.media/content/wowproductimages/small/374274.jpg",
          "MediumImageFile": "https://cdn0.woolworths.media/content/wowproductimages/medium/374274.jpg",
          "LargeImageFile": "https://cdn0.woolworths.media/content/wowproductimages/large/374274.jpg",
          "IsNew": false,
          "IsHalfPrice": false,
          "IsOnlineOnly": false,
          "IsOnSpecial": false,
          "InstoreIsOnSpecial": false,
          "IsEdrSpecial": false,
          "SavingsAmount": 0,
          "InstoreSavingsAmount": 0,
          "WasPrice": 4.5,
          "InstoreWasPrice": 4.5,
          "QuantityInTrolley": 0,
          "Unit": "Each",
          "MinimumQuantity": 1,
          "HasBeenBoughtBefore": false,
          "IsInTrolley": false,
          "Source": "Aisle.Freezer",
          "SupplyLimit": 2,
          "ProductLimit": 50,
          "MaxSupplyLimitMessage": "2 item(s) left",
          "IsRanged": true,
          "IsInStock": true,
          "PackageSize": "1Kg"
        }
      ]
    },
    {
      "Products": [
        {
          "TileID": 0,
          "Stockcode": 662933,
          "Barcode": "9310174157471",
          "GtinFormat": 13,
          "CupPrice": 5,
          "InstoreCupPrice": 5,
          "CupMeasure": "1KG",
          "CupString": "$5.00 / 1KG",
          "InstoreCupString": "$5.00 / 1KG",
          "HasCupPrice": true,
          "InstoreHasCupPrice": true,
          "Price": 4.5,
          "InstorePrice": 4.5,
          "Name": "Mccain Superfries Straight Cut",
          "DisplayName": "Mccain Superfries Straight Cut 900g",
          "UrlFriendlyName": "mccain-superfries-straight-cut",
          "Description": " Mccain Superfries Straight<br>Cut  900G",
          "SmallImageFile": "https://cdn0.woolworths.media/content/wowproductimages/small/662933.jpg",
          "MediumImageFile": "https://cdn0.woolworths.media/content/wowproductimages/medium/662933.jpg",
          "LargeImageFile": "https://cdn0.woolworths.media/content/wowproductimages/large/662933.jpg",
          "IsNew": false,
          "IsHalfPrice": false,
          "IsOnlineOnly": false,
          "IsOnSpecial": false,
          "InstoreIsOnSpecial": false,
          "IsEdrSpecial": false,
          "SavingsAmount": 0,
          "InstoreSavingsAmount": 0,
          "WasPrice": 4.5,
          "InstoreWasPrice": 4.5,
          "QuantityInTrolley": 0,
          "Unit": "Each",
          "MinimumQuantity": 1,
          "HasBeenBoughtBefore": false,
          "IsInTrolley": false,
          "Source": "Aisle.Freezer",
          "SupplyLimit": 29,
          "ProductLimit": 50,
          "MaxSupplyLimitMessage": "29 item(s) left",
          "IsRanged": true,
          "IsInStock": true,
          "PackageSize": "900G"
        }
      ]
    },
    {
      "Products": [
        {
          "TileID": 0,
          "Stockcode": 754183,
          "Barcode": "9300633415280",
          "GtinFormat": 13,
          "CupPrice": 6,
          "InstoreCupPrice": 6,
          "CupMeasure": "1KG",
          "CupString": "$6.00 / 1KG",
          "InstoreCupString": "$6.00 / 1KG",
          "HasCupPrice": true,
          "InstoreHasCupPrice": true,
          "Price": 3,
          "InstorePrice": 3,
          "Name": "Woolworths Australian Baby Peas",
          "DisplayName": "Woolworths Australian Baby Peas 500g",
          "UrlFriendlyName": "woolworths-australian-baby-peas",
          "Description": " Woolworths Australian Baby<br>Peas  500G",
          "SmallImageFile": "https://cdn0.woolworths.media/content/wowproductimages/small/754183.jpg",
          "MediumImageFile": "https://cdn0.woolworths.media/content/wowproductimages/medium/754183.jpg",
          "LargeImageFile": "https://cdn0.woolworths.media/content/wowproductimages/large/754183.jpg",
          "IsNew": false,
          "IsHalfPrice": false,
          "IsOnlineOnly": false,
          "IsOnSpecial": false,
          "InstoreIsOnSpecial": false,
          "IsEdrSpecial": false,
          "SavingsAmount": 0,
          "InstoreSavingsAmount": 0,
          "WasPrice": 3,
          "InstoreWasPrice": 3,
          "QuantityInTrolley": 0,
          "Unit": "Each",
          "MinimumQuantity": 1,
          "HasBeenBoughtBefore": false,
          "IsInTrolley": false,
          "Source": "Aisle.Freezer",
          "SupplyLimit": 4,
          "ProductLimit": 50,
          "MaxSupplyLimitMessage": "4 item(s) left",
          "IsRanged": true,
          "IsInStock": true,
          "PackageSize": "500G"
        }
      ]
    },
    {
      "Products": [
        {
          "TileID": 0,
          "Stockcode": 768570,
          "Barcode": "9300633450434",
          "GtinFormat": 13,
          "CupPrice": 4.2,
          "InstoreCupPrice": 4.2,
          "CupMeasure": "1KG",
          "CupString": "$4.20 / 1KG",
          "InstoreCupString": "$4.20 / 1KG",
          "HasCupPrice": true,
          "InstoreHasCupPrice": true,
          "Price": 4.2,
          "InstorePrice": 4.2,
          "Name": "Woolworths Corn Kernels",
          "DisplayName": "Woolworths Corn Kernels 1kg",
          "UrlFriendlyName": "woolworths-corn-kernels",
          "Description": " Woolworths Corn Kernels 1Kg",
          "SmallImageFile": "https://cdn0.woolworths.media/content/wowproductimages/small/768570.jpg",
          "MediumImageFile": "https://cdn0.woolworths.media/content/wowproductimages/medium/768570.jpg",
          "LargeImageFile": "https://cdn0.woolworths.media/content/wowproductimages/large/768570.jpg",
          "IsNew": false,
          "IsHalfPrice": false,
          "IsOnlineOnly": false,
          "IsOnSpecial": false,
          "InstoreIsOnSpecial": false,
          "IsEdrSpecial": false,
          "SavingsAmount": 0,
          "InstoreSavingsAmount": 0,
          "WasPrice": 4.2,
          "InstoreWasPrice": 4.2,
          "QuantityInTrolley": 0,
          "Unit": "Each",
          "MinimumQuantity": 1,
          "HasBeenBoughtBefore": false,
          "IsInTrolley": false,
          "Source": "Aisle.Freezer",
          "SupplyLimit": 32,
          "ProductLimit": 50,
          "MaxSupplyLimitMessage": "32 item(s) left",
          "IsRanged": true,
          "IsInStock": true,
          "PackageSize": "1Kg"
        }
      ]
    },
    {
      "Products": [
        {
          "TileID": 0,
          "Stockcode": 586516,
          "Barcode": "9400597021531",
          "GtinFormat": 13,
          "CupPrice": 11,
          "InstoreCupPrice": 11,
          "CupMeasure": "1KG",
          "CupString": "$11.00 / 1KG",
          "InstoreCupString": "$11.00 / 1KG",
          "HasCupPrice": true,
          "InstoreHasCupPrice": true,
          "Price": 11,
          "InstorePrice": 11,
          "Name": "Woolworths Frozen Blueberries",
          "DisplayName": "Woolworths Frozen Blueberries 1kg",
          "UrlFriendlyName": "woolworths-frozen-blueberries",
          "Description": " Woolworths Frozen<br>Blueberries  1Kg",
          "SmallImageFile": "https://cdn0.woolworths.media/content/wowproductimages/small/586516.jpg",
          "MediumImageFile": "https://cdn0.woolworths.media/content/wowproductimages/medium/586516.jpg",
          "LargeImageFile": "https://cdn0.woolworths.media/content/wowproductimages/large/586516.jpg",
          "IsNew": false,
          "IsHalfPrice": false,
          "IsOnlineOnly": false,
          "IsOnSpecial": false,
          "InstoreIsOnSpecial": false,
          "IsEdrSpecial": false,
          "SavingsAmount": 0,
          "InstoreSavingsAmount": 0,
          "WasPrice": 11,
          "InstoreWasPrice": 11,
          "QuantityInTrolley": 0,
          "Unit": "Each",
          "MinimumQuantity": 1,
          "HasBeenBoughtBefore": false,
          "IsInTrolley": false,
          "Source": "Aisle.Freezer",
          "SupplyLimit": 31,
          "ProductLimit": 50,
          "MaxSupplyLimitMessage": "31 item(s) left",
          "IsRanged": true,
          "IsInStock": true,
          "PackageSize": "1Kg"
        }
      ]
    }
  ]
}